2192 3550
567 302 840 383 LAELan}
877 322 1025 370 srvis
1067 321 1155 368 nn
1199 319 1510 369 Amorum.
1830 308 1911 366 59

246 469 588 530 moderate:
648 491 761 530 nec
811 470 1067 547 potuisse
1119 484 1238 527 non
1291 465 1655 537 commoveri,
1703 484 1815 523 nec

252 566 427 625 luisse
455 567 514 626 id
541 566 912 627 humanitatis
931 575 1076 623 tuae:
1114 564 1267 640 quod
1290 574 1481 621 autem
1507 562 1597 620 his
1623 560 1815 627 Nonis

251 660 313 719 in
333 673 539 721 nostro·
552 662 798 740 collegio
826 680 945 719 non
973 660 1249 733 affuissee,
1272 659 1655 718 valetudinem
1682 677 1817 717 cau-

250 776 392 831 sam,
420 778 538 817 non
565 759 913 829 moestitiam,
943 758 1135 815 fuisse.

335 856 564 917 Laelius.
646 855 838 912 Recte
877 864 940 912 tu
980 854 1231 929 quidem,
1261 852 1540 925 Scaevola,
1569 863 1627 910 et
1662 871 1811 910 vere.
1845 859 1879 909 5

249 951 382 1010 Nec
415 952 572 1011 enim
615 954 686 1011 ab
727 952 837 1010 isto
877 952 1089 1023 offici0,
1120 951 1272 1026 quod
1302 968 1523 1025 semper
1550 950 1815 1025 usurpavi

250 1067 385 1107 cum
431 1049 698 1120 valerem,
748 1048 958 1106 abduci
1010 1047 1379 1105 incommodo
1424 1064 1555 1103 meo
1603 1046 1815 1114 debui3

247 1163 362 1203 nec
414 1145 533 1203 ullo
588 1164 726 1203 casu
780 1145 1017 1203 arbitror
1072 1145 1187 1201 hoc
1223 1143 1537 1201 ¹constanti
1596 1142 1815 1199 homini

247 1258 418 1316 posse
445 1242 800 1318 contingere,
838 1252 902 1299 ut
942 1241 1060 1299 ulla
1100 1240 1448 1299 intermissio
1484 1240 1583 1297 fiat
1618 1239 1811 1297 officii.

173 1331 183 1339 ’
248 1336 348 1394 Tu
390 1346 599 1409 autem,
628 1337 836 1410 Fanni,
866 1338 963 1413 qui
1002 1337 1144 1395 mihi
1182 1347 1401 1394 tantum
1431 1336 1606 1394 tribui
1646 1336 1813 1407 dicis,
1847 1341 1908 1390 10

236 1444 523 1509 quantum
573 1453 684 1511 ego
735 1453 848 1492 nec
904 1450 1157 1510 agnosco
1212 1453 1323 1491 nec
1374 1434 1622 1509 postu10,
1649 1432 1816 1490 'facis

248 1530 466 1588 amice:
508 1530 630 1602 sed,
657 1541 720 1588 ut
745 1531 889 1588 mihi
915 1530 1144 1602 videris,
1168 1550 1281 1588 non
1310 1541 1466 1587 recte
1489 1529 1716 1604 judicas
1743 1528 1816 1585 de

247 1626 509 1684 Catone:
562 1637 659 1684 aut
703 1627 859 1691 enim
906 1646 1077 1685 nemo
1123 1626 1309 1702 (quod
1356 1625 1586 1700 quidem
1633 1625 1817 1699 magis

248 1723 474 1799 credo),
507 1731 623 1794 aut,
652 1723 702 1780 si
729 1723 1049 1797 quisquam,
1072 1723 1169 1779 ille
1196 1722 1423 1797 sapiens
1452 1721 1574 1777 fuit.
1655 1720 1818 1781 Quo-

248 1817 422 1875 modo
462 1817 618 1874 enim
648 1816 740 1894 (ut
769 1818 881 1874 alia
906 1817 1193 1895 omittam)
1223 1827 1462 1874 mortem
1502 1816 1605 1873 filii
1641 1816 1814 1873 tulit?
1848 1824 1909 1872 15

248 1911 647 1978 Memineram,
673 1912 954 1982 Paulum3
1004 1913 1260 1969 videram
1298 1912 1564 1969 Gallum:
1614 1912 1714 1970 sed
1756 1911 1817 1969 hi

247 2009 309 2067 in
361 2008 596 2085 pueris;
653 2008 804 2066 Cato
851 2009 911 2066 in
963 2008 1222 2084 perfecto
1268 2018 1328 2065 et
1374 2017 1629 2083 spectato
1674 2008 1814 2065 vir0.

164 2135 171 2142 ·
244 2105 646 2167 Quamobrem
694 2124 833 2162 cave
881 2105 1094 2163 Catoni
1144 2115 1476 2180 anteponas,
1522 2124 1597 2162 ne
1644 2104 1816 2162 istum

244 2202 479 2278 quidem
518 2202 726 2277 ipsum,
757 2221 926 2277 quem
968 2202 1181 2277 Apollo
1210 2200 1300 2278 (ut
1330 2201 1439 2280 ais)
1471 2201 1817 2277 sapientissi-

245 2319 402 2358 mum
436 2298 732 2375 judicavit.
816 2298 1007 2375 Hujus
1046 2299 1201 2356 enirn
1243 2299 1413 2370 facta,
1444 2298 1596 2358 illius
1636 2299 1811 2370 dicta,
1841 2313 1909 2363 20

245 2395 566 2453 laudantur.
647 2395 739 2453 De
780 2414 872 2452 me
915 2405 1105 2453 autem
1136 2394 1229 2472 (ut
1261 2396 1381 2471 jam
1412 2414 1545 2453 cum
1574 2406 1813 2469 utroque

245 2490 472 2570 loquar)
502 2491 588 2549 sic
615 2492 901 2549 habetote.

323 2681 435 2768 ΠΙ..
518 2681 666 2760 Ego,
708 2683 758 2742 si
799 2684 1091 2761 Scipionis
1133 2682 1418 2740 desiderio
1464 2701 1556 2739 me
1597 2688 1813 2752 moveri

246 2796 475 2855 negem,
498 2797 667 2852 quam
694 2780 752 2837 id
779 2791 938 2839 recte
965 2780 1197 2851 faciam,
1224 2778 1470 2836 viderint
1494 2777 1810 2853 sapientes:

247 2874 350 2932 sed
398 2883 555 2932 certe
601 2877 859 2934 mentiar.
961 2875 1205 2934 Moveor
1250 2875 1425 2946 enim,
1474 2874 1575 2931 tali
1624 2875 1811 2932 amico
1842 2883 1906 2932 25

248 2970 501 3042 orbatuS,
538 2969 742 3044 qualia,
780 2981 843 3028 ut
876 2972 1138 3043 arbitror,
1167 2989 1339 3030 nemo
1378 2989 1628 3045 unquam
1667 2971 1808 3040 erit;

249 3074 326 3139 et,
354 3077 418 3125 ut
444 3066 784 3126 confirmare
822 3086 1075 3143 possum,
1104 3086 1275 3125 nemo
1302 3076 1459 3125 certe
1488 3066 1610 3125 fuit.
1692 3067 1810 3125 Sed
1909 3053 1921 3066 “
