2192 3550
297 281 375 343 ω
874 292 1050 340 cATo
1086 292 1318 351 mon,
1360 288 1488 339 sno

388 438 461 498 ab
487 457 558 496 eo
585 447 750 496 sunt:
793 456 912 496 non
941 440 1097 496 enim
1129 459 1330 498 aurum
1358 440 1590 510 habere,
1618 439 1962 514 praeclarum

386 535 497 593 sibi
536 533 718 590 videri
759 535 901 591 dixit
920 555 938 605 3
997 536 1098 592 sed
1142 537 1233 608 iis,
1275 536 1374 611 qui
1413 536 1690 592 haberent
1733 554 1960 608 aurum,

385 630 682 704 imperare.
791 630 1102 687 Poteratne
1156 641 1350 688 tantus
1403 631 1628 688 animus
1693 650 1812 688 non
1873 632 1963 708 ju-

385 724 636 782 cundam
664 726 895 783 efficere
925 729 1330 789 senectutem?

322 830 356 880 5
464 821 582 878 Sed
610 822 780 879 venio
824 823 894 879 ad
926 822 1227 903 agricolae,
1258 842 1331 879 ne
1361 842 1395 879 a
1420 822 1641 897 meipso
1669 824 1957 881 recedam.

383 915 455 974 In
498 918 650 996 agris
691 929 854 976 erant
894 928 1017 976 tum
1057 929 1371 990 senatoreS,
1414 928 1472 976 et
1527 920 1702 976 iidem
1756 938 1957 977 senes:

385 1014 671 1090 siquidem
714 1016 897 1073 aranti
938 1016 1002 1072 L.
1043 1015 1297 1076 Quintio
1338 1015 1692 1073 Cincinnato
1732 1017 1961 1074 nuntia-

383 1120 508 1168 tum
555 1122 662 1183 est,
708 1130 840 1168 eum
896 1111 1239 1167 dictatorem
1292 1129 1420 1167 esse
1476 1112 1727 1169 factum:
1791 1112 1959 1188 cujus

383 1206 683 1265 dictatoris
716 1207 901 1282 jussu,
944 1207 1217 1283 magister
1257 1207 1518 1282 equitum
1564 1208 1633 1265 C.
1679 1209 1959 1266 Servilius

291 1309 353 1360 10
382 1300 575 1359 Ahala
615 1303 713 1377 Sp.
757 1302 1037 1374 Maelium‚
1080 1321 1323 1379 regnum
1368 1313 1750 1378 appetentem,
1780 1323 1956 1360 occu-

379 1405 577 1472 patum
620 1397 926 1456 interemit.
1025 1398 1080 1457 A
1122 1399 1258 1455 villa
1301 1400 1360 1456 in
1402 1409 1666 1456 senatum
1710 1418 1959 1457 arcesse-

380 1491 594 1550 bantur
634 1503 691 1550 et
734 1493 946 1550 Curius
986 1505 1045 1551 et
1085 1495 1283 1554 caeteri
1324 1514 1527 1556 senes:
1571 1515 1643 1552 ex
1681 1515 1816 1571 quo,
1858 1497 1957 1572 qui

379 1606 478 1646 eos
521 1591 908 1661 arcessebant,
950 1592 1196 1648 viatores
1236 1591 1520 1648 nominati
1560 1602 1711 1649 sunt.
1793 1592 1956 1650 Num

379 1684 554 1762 igitur
595 1703 795 1742 eorum
836 1696 1106 1744 senectus
1159 1687 1503 1744 miserabilis
1558 1688 1685 1760 fuit,
1741 1689 1839 1765 qui
1865 1726 1871 1737 ·
1893 1708 1956 1745 se

287 1794 351 1845 15
378 1782 502 1859 agri
557 1782 813 1840 cultione
861 1784 1276 1841 oblectabant?
1359 1784 1500 1842 Mea
1548 1785 1782 1860 quidem
1811 1804 1956 1846 *sen-

376 1878 580 1950 tentia,
623 1879 778 1937 haud
820 1880 964 1951 scio,
1009 1901 1081 1938 an
1124 1881 1244 1938 ulla
1283 1882 1503 1938 beatior
1553 1901 1679 1939 esse
1731 1882 1950 1957 possit:

375 1993 563 2050 neque
604 1977 791 2033 solum
820 1977 1032 2048 offici0,
1063 1977 1216 2052 quod
1260 1978 1559 2035 hominum
1602 1978 1801 2056 generi
1829 1977 1954 2034 uni-

375 2089 541 2128 verso
582 2073 809 2129 cultura
849 2091 1117 2148 agrorum
1157 2083 1244 2130 est
1284 2074 1569 2145 salutarie,
1612 2073 1711 2130 sed
1752 2082 1811 2128 et
1856 2073 1951 2128 de-

374 2166 688 2225 lectatione
730 2167 929 2245 (quam
983 2168 1168 2249 dixi),
1202 2180 1260 2228 et
1314 2170 1611 2228 saturitate
1666 2168 1950 2243 copiaque

283 2278 346 2329 20
376 2263 635 2321 omnium
675 2282 886 2336 rerum,
936 2284 1063 2339 quae
1121 2266 1192 2325 ad
1246 2267 1463 2323 victum
1517 2263 1831 2335 hominum,
1878 2264 1948 2320 ad

375 2359 597 2417 cultum
639 2361 812 2418 etiam
854 2360 1134 2433 Deorum,
1174 2362 1492 2436 pertinent:
1549 2369 1631 2431 ut,
1675 2349 1949 2434 quoniam

374 2455 499 2513 haec
527 2456 760 2531 quidam
788 2458 1135 2529 desiderant,
1167 2458 1228 2515 in
1268 2457 1511 2533 gratiam
1546 2455 1666 2531 jam
1696 2474 1829 2512 cum
1858 2476 1950 2515 vo-

371 2551 590 2627 luptate
631 2553 949 2611 redeamus
1050 2555 1308 2628 Semper*
1332 2552 1486 2610 enirn
1527 2551 1668 2608 boni
1711 2553 1950 2610 assidui-

374 2666 486 2722 que
529 2648 750 2705 domini
789 2649 999 2706 referta
1038 2650 1187 2706 cella
1228 2648 1465 2719 vinaria,
1508 2647 1742 2721 olearia,
1773 2650 1947 2707 etiam

280 2748 345 2798 25
370 2744 611 2819 penaria
637 2754 725 2801 est
743 2765 757 2814 3
801 2745 1045 2821 villaque
1088 2756 1212 2802 tota
1237 2745 1497 2819 locuples
1524 2755 1648 2802 est:
1694 2746 1946 2803 abundat

369 2858 571 2915 porcO,
601 2840 791 2913 haedo,
819 2860 986 2918 agno,
1030 2841 1266 2917 gallina,
1308 2840 1480 2913 lacte,
1523 2861 1714 2913 caseo,
1756 2840 1941 2897 melle.

371 2934 505 2995 Jam
557 2938 786 2997 hortum
841 2937 950 3015 ipsi
1006 2937 1275 3015 agricolae
1331 2938 1653 2997 succidiam
1708 2936 1943 2995 alteram
