2192 3550
299 295 380 353 54
512 301 689 351 cuo
730 301 961 363 Μωοῐι,
988 303 1115 351 sau
1158 300 1253 351 DE
1297 301 1736 353 SENECTUTE.

395 471 489 513 me
514 454 637 530 ipse
664 454 1024 527 consolabar,
1053 455 1410 528 existimaus,
1436 473 1556 513 non
1583 453 1960 532 longinquum

395 552 543 610 inter
570 569 677 607 nos
704 551 1023 627 digressum
1051 563 1111 610 et
1136 553 1450 611 discessum
1481 551 1619 609 sore.

471 647 583 704 His
610 647 751 704 mihi
776 647 968 720 rebus,
999 649 1219 724 Scipio,
1252 648 1340 727 (id
1366 648 1521 706 enim
1540 657 1600 705 te
1621 666 1754 705 cum
1776 645 1957 705 Laelio

394 743 662 802 admirari
715 744 901 802 solere
955 745 1179 825 dixisti)
1228 745 1369 802 levis
1412 754 1500 802 est
1527 753 1815 815 senectus,
1844 761 1956 801 nec

326 853 361 901 5
391 840 576 899 solum
596 859 714 898 non
742 841 1002 914 molesta,
1031 841 1134 899 sed
1154 841 1326 899 etiam
1349 840 1625 917 jucunda.
1703 839 1885 903 Quod
1905 839 1955 897 si

389 937 451 995 in
479 938 592 995 hoc
634 957 781 1011 erro,
809 938 961 1015 quod
1005 938 1226 996 animos
1266 938 1567 996 hominum
1607 935 1955 1000 immortales

388 1053 516 1093 esse
543 1036 795 1107 credam,
823 1035 1087 1094 lubenter
1114 1052 1277 1093 erro:
1319 1053 1433 1092 nec
1461 1034 1603 1093 mihi
1620 1035 1778 1092 hunc
1803 1051 1956 1091 erro-

389 1151 530 1204 rem,
575 1151 688 1207 quo
736 1132 1012 1203 delector,
1063 1132 1201 1189 dum
1248 1131 1397 1204 vivo,
1443 1131 1766 1207 extorqueri
1804 1130 1952 1188 volo.

388 1228 515 1299 Sin,
545 1238 822 1299 mortuuS,
855 1226 946 1304 (ut
971 1227 1205 1303 quidam
1232 1227 1440 1285 minuti
1466 1215 1794 1304 philosophi
1822 1245 1956 1285 cen-

296 1320 358 1371 10
385 1325 541 1404 sent)
572 1323 714 1381 nihil
755 1324 1031 1394 sentiam3
1074 1343 1194 1381 non
1234 1342 1453 1395 vereor,
1492 1342 1568 1380 ne
1608 1324 1764 1381 hunc
1803 1341 1956 1380 erro-

386 1438 506 1477 rem
556 1439 745 1478 meum
785 1420 997 1479 mortui
1034 1419 1364 1496 philosophi
1405 1419 1696 1478 irrideant.
1776 1418 1956 1481 Quod

386 1515 434 1573 si
465 1535 581 1573 non
610 1534 805 1574 sumus
833 1515 1186 1574 immortales
1213 1515 1412 1588 futuri,
1440 1525 1636 1573 tamen
1664 1513 1955 1591 exstingui

385 1612 608 1670 homini
661 1630 767 1670 suo
806 1622 1063 1687 tempore
1106 1611 1360 1687 optabile
1399 1622 1502 1670 est.
1584 1610 1742 1670 Nam
1782 1611 1957 1668 habet

386 1720 610 1782 natura,
641 1720 704 1767 ut
745 1709 984 1767 aliarum
1026 1709 1287 1767 omnium
1327 1727 1538 1782 rerum,
1567 1708 1656 1766 sic
1701 1707 1953 1780 vivendi,

296 1802 359 1852 15
387 1808 638 1865 modum.
737 1807 1021 1864 Senectus
1070 1816 1263 1864 autem
1299 1806 1557 1882 peractio
1611 1804 1794 1863 aetatis
1846 1813 1954 1877 est,

385 1914 655 1978 tanquam
705 1903 943 1972 fabulae3
1013 1903 1180 1979 cujus
1228 1902 1699 1979 defatigationem
1754 1901 1956 1979 fugere

387 2000 680 2070 debemus,
708 1999 1026 2074 praesertim
1057 1999 1328 2075 adjuncta
1358 2000 1637 2057 satietate.

465 2095 612 2154 Haec
667 2095 862 2167 habui,
891 2095 965 2151 de
1019 2105 1319 2152 senectute
1373 2113 1500 2169 quae
1553 2093 1807 2151 dicerem
1824 2113 1840 2163 ς
1883 2091 1955 2149 ad

387 2210 555 2266 quam
584 2191 806 2248 utinam
824 2190 1205 2266 perveniatis!
1248 2200 1313 2248 ut
1340 2209 1428 2274 ea2
1459 2209 1584 2265 quie
1627 2208 1700 2246 ex
1738 2206 1832 2246 me
1860 2206 1958 2245 au-

293 2282 359 2332 20
387 2285 572 2359 distis,
600 2305 663 2344 re
691 2286 931 2363 experti,
960 2287 1206 2363 probare
1231 2285 1481 2362 possitis.
