2192 3550
285 259 366 319 20
869 266 1046 317 cATo
1084 268 1316 328 MAJOR,
1344 268 1470 318 ssu

377 416 690 477 fructibus:
733 437 1075 503 quamquam
1103 421 1163 480 in
1199 421 1312 480 illis
1337 421 1527 479 minus
1554 420 1667 478 hoo
1692 421 1936 481 mirumt

375 533 546 573 nemo
586 515 739 572 enim
779 525 866 573 est
904 526 1020 573 tam
1063 536 1259 590 senex,
1301 516 1398 593 qui
1438 536 1499 574 se
1554 535 1765 578 annum
1816 535 1936 575 non

373 619 534 686 putet
571 629 740 686 posse
779 612 1001 670 vivere:
1045 614 1147 670 sed
1189 614 1363 671 iidem
1402 613 1699 670 elaborant
1729 614 1789 671 in
1830 614 1935 686 eis,

373 724 498 780 quae
527 706 718 765 sciunt
744 707 887 765 nihil
916 709 1154 767 omnino
1183 710 1253 768 ad
1281 728 1343 768 se
1367 708 1671 785 pertinere.

308 920 342 970 5
509 917 541 945 u
559 914 691 965 gerit
711 916 924 980 asbores,
945 933 1054 981 quae
1075 917 1218 967 alteri
1238 916 1423 965 soeculo
1443 916 1684 980 prosint,''

369 1102 432 1150 ut
476 1094 554 1152 ait
595 1095 812 1153 Statius
839 1105 1031 1152 noster
1072 1094 1131 1150 in
1170 1093 1544 1169 Synephebis,
1625 1094 1686 1152 N
1688 1113 1759 1152 eo
1797 1111 1933 1151 vero

370 1187 592 1246 dubitet
633 1190 905 1267 agricola,
948 1188 1205 1264 quamvis
1260 1208 1454 1262 senex,
1497 1191 1793 1265 quaerenti,
1836 1190 1933 1248 oui

368 1293 538 1355 serat,
580 1285 958 1361 respondere:
1003 1284 1190 1343 “Diis
1232 1284 1669 1358 immortalibu5‚
1699 1287 1798 1360 qui
1839 1305 1933 1343 me

367 1397 485 1437 non
527 1381 791 1457 accipere
833 1382 1004 1439 modo
1044 1383 1171 1439 haeo
1201 1401 1235 1439 a
1273 1382 1582 1459 majoribus
1609 1382 1930 1454 voluerunt,

277 1484 338 1534 10
367 1476 468 1533 sed
497 1476 669 1534 etiam
696 1477 941 1553 posteris
966 1478 1267 1553 prodere.'’

442 1668 607 1727 VIII.
690 1668 905 1728 Melius
931 1670 1207 1729 Caeeiiius
1234 1671 1307 1729 de
1346 1690 1483 1730 sene
1514 1671 1675 1730 alteri
1717 1671 1929 1729 saeculo

365 1765 771 1843 prospiciente,
802 1786 971 1842 quarn
1001 1766 1142 1827 illud
1171 1768 1357 1827 idem:

426 1941 458 1967 “
476 1938 700 2001 AEdepol‚
723 1946 970 2002 senectus,
993 1941 1034 1988 si
1057 1942 1184 1989 nihil
1206 1942 1470 2005 quidquam
1492 1941 1626 1989 aliud
1647 1941 1756 1989 vitii

480 2017 726 2080 Apportes
747 2025 931 2078 tecum,
954 2035 1071 2067 cum
1093 2022 1327 2080 advenis3
1362 2037 1519 2068 unum
1543 2021 1594 2067 id
1617 2028 1693 2068 sat
1713 2027 1806 2079 est,

275 2106 336 2155 15
480 2096 647 2160 Quod,
668 2098 753 2145 diu
774 2097 1007 2159 vivendo,
1029 2099 1205 2160 multa,
1227 2112 1335 2160 quae
1358 2113 1459 2146 non
1480 2099 1608 2160 vult,
1628 2099 1816 2147 videt.''
1869 2143 1880 2152 ,

367 2255 445 2314 Et
470 2257 651 2315 multa
678 2257 935 2330 fortasse,
959 2277 1084 2333 quae
1113 2257 1265 2314 vult:
1298 2267 1466 2333 atque
1494 2256 1554 2314 in
1582 2276 1653 2314 ea
1678 2256 1927 2332 quidem,

365 2372 492 2428 quae
532 2373 651 2412 non
679 2355 817 2426 vult,
847 2374 997 2430 saepe
1037 2354 1211 2411 etiam
1240 2354 1631 2412 adolescentia
1668 2354 1926 2413 incurrit.

364 2449 514 2507 Illud
545 2469 680 2508 vero
710 2450 862 2508 idem
888 2450 1164 2509 Caeoilius
1190 2450 1483 2509 vitiosius:

427 2662 463 2689 “
477 2658 611 2709 Tum
631 2659 862 2723 equidem
883 2660 937 2707 in
959 2661 1162 2708 senecta
1182 2660 1277 2707 hoc
1295 2660 1479 2723 deputo
1500 2661 1848 2722 miserrimum,

272 2730 335 2781 20
477 2740 693 2803 Sentii-e,
714 2741 774 2789 ea
795 2746 938 2788 aetate
959 2755 1068 2788 esse
1091 2756 1145 2788 se
1168 2740 1393 2788 odiosum
1415 2740 1607 2790 alteri.'’

367 2914 701 2975 ,Iucundum
765 2918 977 2994 potius,
1033 2938 1205 2994 quam
1272 2919 1552 2978 odiosum.
1633 2919 1712 2978 Ut
1776 2916 1930 2974 enim

369 3010 831 3073 adolescentibus
884 3016 1038 3073 bona
1092 3015 1288 3074 indole
1339 3016 1594 3094 praeditis
1647 3014 1932 3089 sapientes
