<?xml version="1.0" encoding="UTF-8"?>
<!DOCTYPE html PUBLIC "-//W3C//DTD XHTML 1.0 Transitional//EN"
    "http://www.w3.org/TR/xhtml1/DTD/xhtml1-transitional.dtd">
<html xmlns="http://www.w3.org/1999/xhtml" xml:lang="en" lang="en">
 <head>
  <title>
</title>
<meta http-equiv="Content-Type" content="text/html;charset=utf-8" />
  <meta name='ocr-system' content='tesseract 3.04.00' />
  <meta name='ocr-capabilities' content='ocr_page ocr_carea ocr_par ocr_line ocrx_word'/>
</head>
<body>
  <div class='ocr_page' id='page_1' title='image "./desenectuteetde01dillgoog_0042.png"; bbox 0 0 2192 3550; ppageno 0'>
   <div class='ocr_carea' id='block_1_1' title="bbox 318 240 1524 352">
    <p class='ocr_par' dir='ltr' id='par_1_1' title="bbox 318 240 1524 352">
     <span class='ocr_line' id='line_1_1' title="bbox 318 240 1524 352; baseline 0.005 -15"><span class='ocrx_word' id='word_1_1' title='bbox 318 277 398 337; x_wconf 81' lang='lat'><strong>34</strong></span> <span class='ocrx_word' id='word_1_2' title='bbox 901 240 1076 340; x_wconf 53' lang='lat' dir='ltr'><strong>cA¹To</strong></span> <span class='ocrx_word' id='word_1_3' title='bbox 1115 292 1343 352; x_wconf 64' lang='lat' dir='ltr'><strong>Maron,</strong></span> <span class='ocrx_word' id='word_1_4' title='bbox 1372 294 1498 343; x_wconf 68' lang='lat' dir='ltr'><strong>sm]</strong></span> <span class='ocrx_word' id='word_1_5' title='bbox 1523 298 1524 301; x_wconf 44' lang='lat'>¹</span> 
     </span>
    </p>
   </div>
   <div class='ocr_carea' id='block_1_2' title="bbox 297 437 1989 3109">
    <p class='ocr_par' dir='ltr' id='par_1_2' title="bbox 314 437 1989 1378">
     <span class='ocr_line' id='line_1_2' title="bbox 416 437 1988 516; baseline 0.003 -20"><span class='ocrx_word' id='word_1_6' title='bbox 416 437 865 510; x_wconf 80' lang='lat' dir='ltr'><strong>inimicitiarum,</strong></span> <span class='ocrx_word' id='word_1_7' title='bbox 897 441 1279 516; x_wconf 84' lang='lat' dir='ltr'><strong>cupiditatum</strong></span> <span class='ocrx_word' id='word_1_8' title='bbox 1308 442 1585 513; x_wconf 90' lang='lat' dir='ltr'><strong>omnium,</strong></span> <span class='ocrx_word' id='word_1_9' title='bbox 1615 460 1813 499; x_wconf 90' lang='lat' dir='ltr'><strong>secum</strong></span> <span class='ocrx_word' id='word_1_10' title='bbox 1836 460 1988 516; x_wconf 84' lang='lat' dir='ltr'><strong>esse,</strong></span> 
     </span>
     <span class='ocr_line' id='line_1_3' title="bbox 413 533 1989 618; baseline 0.003 -26"><span class='ocrx_word' id='word_1_11' title='bbox 413 553 721 609; x_wconf 83' lang='lat' dir='ltr'><strong>secumque</strong></span> <span class='ocrx_word' id='word_1_12' title='bbox 772 533 865 612; x_wconf 86' lang='lat' dir='ltr'><strong>(ut</strong></span> <span class='ocrx_word' id='word_1_13' title='bbox 917 537 1159 618; x_wconf 91' lang='lat' dir='ltr'><strong>dicitur)</strong></span> <span class='ocrx_word' id='word_1_14' title='bbox 1216 540 1434 596; x_wconf 89' lang='lat' dir='ltr'><strong>vivere!</strong></span> <span class='ocrx_word' id='word_1_15' title='bbox 1519 538 1584 595; x_wconf 83' lang='lat' dir='ltr'><strong>Si</strong></span> <span class='ocrx_word' id='word_1_16' title='bbox 1626 557 1761 595; x_wconf 88' lang='lat' dir='ltr'><strong>vero</strong></span> <span class='ocrx_word' id='word_1_17' title='bbox 1810 541 1989 597; x_wconf 88' lang='lat' dir='ltr'><strong>habet</strong></span> 
     </span>
     <span class='ocr_line' id='line_1_4' title="bbox 414 630 1986 709; baseline 0.003 -22"><span class='ocrx_word' id='word_1_18' title='bbox 414 630 637 704; x_wconf 78' lang='lat' dir='ltr'><strong>aliquod</strong></span> <span class='ocrx_word' id='word_1_19' title='bbox 688 641 954 707; x_wconf 90' lang='lat' dir='ltr'><strong>tanquam</strong></span> <span class='ocrx_word' id='word_1_20' title='bbox 981 634 1252 706; x_wconf 89' lang='lat' dir='ltr'><strong>pabulum</strong></span> <span class='ocrx_word' id='word_1_21' title='bbox 1284 634 1456 691; x_wconf 85' lang='lat' dir='ltr'><strong>studii</strong></span> <span class='ocrx_word' id='word_1_22' title='bbox 1488 644 1654 709; x_wconf 91' lang='lat' dir='ltr'><strong>atque</strong></span> <span class='ocrx_word' id='word_1_23' title='bbox 1684 635 1986 708; x_wconf 69' lang='lat' dir='ltr'><strong>doctrinas,</strong></span> 
     </span>
     <span class='ocr_line' id='line_1_5' title="bbox 409 725 1986 806; baseline 0.003 -23"><span class='ocrx_word' id='word_1_24' title='bbox 409 725 552 783; x_wconf 89' lang='lat' dir='ltr'>nihil</span> <span class='ocrx_word' id='word_1_25' title='bbox 582 737 669 783; x_wconf 88' lang='lat' dir='ltr'><strong>est</strong></span> <span class='ocrx_word' id='word_1_26' title='bbox 695 728 880 784; x_wconf 68' lang='lat' dir='ltr'><strong>otiosa</strong></span> <span class='ocrx_word' id='word_1_27' title='bbox 903 739 1201 786; x_wconf 80' lang='lat' dir='ltr'><strong>senectute</strong></span> <span class='ocrx_word' id='word_1_28' title='bbox 1222 729 1552 804; x_wconf 79' lang='lat' dir='ltr'><strong>jucundius,</strong></span> <span class='ocrx_word' id='word_1_29' title='bbox 1636 727 1789 786; x_wconf 90' lang='lat' dir='ltr'><strong>Mori</strong></span> <span class='ocrx_word' id='word_1_30' title='bbox 1817 750 1986 806; x_wconf 84' lang='lat' dir='ltr'><strong>paene</strong></span> 
     </span>
     <span class='ocr_line' id='line_1_6' title="bbox 346 822 1982 901; baseline 0.004 -23"><span class='ocrx_word' id='word_1_31' title='bbox 346 824 379 872; x_wconf 85' lang='lat'><strong>5</strong></span> <span class='ocrx_word' id='word_1_32' title='bbox 409 822 760 895; x_wconf 86' lang='lat' dir='ltr'><strong>videbamus,</strong></span> <span class='ocrx_word' id='word_1_33' title='bbox 786 824 844 880; x_wconf 91' lang='lat' dir='ltr'><strong>in</strong></span> <span class='ocrx_word' id='word_1_34' title='bbox 873 825 1062 882; x_wconf 89' lang='lat' dir='ltr'><strong>studio</strong></span> <span class='ocrx_word' id='word_1_35' title='bbox 1083 825 1418 881; x_wconf 89' lang='lat' dir='ltr'><strong>dimetiendi</strong></span> <span class='ocrx_word' id='word_1_36' title='bbox 1437 825 1569 881; x_wconf 88' lang='lat' dir='ltr'><strong>coeli</strong></span> <span class='ocrx_word' id='word_1_37' title='bbox 1599 836 1766 901; x_wconf 89' lang='lat' dir='ltr'><strong>atque</strong></span> <span class='ocrx_word' id='word_1_38' title='bbox 1795 837 1982 899; x_wconf 79' lang='lat' dir='ltr'><strong>terrae,</strong></span> 
     </span>
     <span class='ocr_line' id='line_1_7' title="bbox 410 917 1984 996; baseline 0.003 -21"><span class='ocrx_word' id='word_1_39' title='bbox 410 917 478 975; x_wconf 88' lang='lat' dir='ltr'><strong>C.</strong></span> <span class='ocrx_word' id='word_1_40' title='bbox 508 920 759 992; x_wconf 88' lang='lat' dir='ltr'><strong>Gallum,</strong></span> <span class='ocrx_word' id='word_1_41' title='bbox 790 921 1125 978; x_wconf 84' lang='lat' dir='ltr'><strong>familiarem</strong></span> <span class='ocrx_word' id='word_1_42' title='bbox 1166 921 1344 994; x_wconf 89' lang='lat' dir='ltr'><strong>patris</strong></span> <span class='ocrx_word' id='word_1_43' title='bbox 1384 921 1489 991; x_wconf 90' lang='lat' dir='ltr'><strong>tui,</strong></span> <span class='ocrx_word' id='word_1_44' title='bbox 1520 922 1734 996; x_wconf 81' lang='lat' dir='ltr'><strong>Scipio,</strong></span> <span class='ocrx_word' id='word_1_45' title='bbox 1815 922 1984 984; x_wconf 77' lang='lat' dir='ltr'><strong>Quo-</strong></span> 
     </span>
     <span class='ocr_line' id='line_1_8' title="bbox 409 1015 1981 1094; baseline 0.001 -21"><span class='ocrx_word' id='word_1_46' title='bbox 409 1015 518 1073; x_wconf 86' lang='lat' dir='ltr'><strong>ties</strong></span> <span class='ocrx_word' id='word_1_47' title='bbox 546 1016 704 1075; x_wconf 91' lang='lat' dir='ltr'><strong>illum</strong></span> <span class='ocrx_word' id='word_1_48' title='bbox 732 1018 830 1075; x_wconf 89' lang='lat' dir='ltr'><strong>lux</strong></span> <span class='ocrx_word' id='word_1_49' title='bbox 855 1027 1031 1074; x_wconf 92' lang='lat' dir='ltr'><strong>noctu</strong></span> <span class='ocrx_word' id='word_1_50' title='bbox 1055 1016 1267 1091; x_wconf 88' lang='lat' dir='ltr'><strong>aliquid</strong></span> <span class='ocrx_word' id='word_1_51' title='bbox 1289 1017 1615 1074; x_wconf 88' lang='lat' dir='ltr'><strong>describere</strong></span> <span class='ocrx_word' id='word_1_52' title='bbox 1638 1018 1981 1094; x_wconf 87' lang='lat' dir='ltr'><strong>ingressum,</strong></span> 
     </span>
     <span class='ocr_line' id='line_1_9' title="bbox 408 1113 1979 1189; baseline 0.003 -20"><span class='ocrx_word' id='word_1_53' title='bbox 408 1113 632 1188; x_wconf 91' lang='lat' dir='ltr'><strong>quoties</strong></span> <span class='ocrx_word' id='word_1_54' title='bbox 658 1132 775 1170; x_wconf 84' lang='lat' dir='ltr'><strong>nox</strong></span> <span class='ocrx_word' id='word_1_55' title='bbox 798 1113 1094 1187; x_wconf 85' lang='lat' dir='ltr'><strong>oppressit,</strong></span> <span class='ocrx_word' id='word_1_56' title='bbox 1120 1131 1252 1170; x_wconf 89' lang='lat' dir='ltr'><strong>cum</strong></span> <span class='ocrx_word' id='word_1_57' title='bbox 1281 1131 1450 1170; x_wconf 89' lang='lat' dir='ltr'><strong>mane</strong></span> <span class='ocrx_word' id='word_1_58' title='bbox 1479 1114 1776 1189; x_wconf 86' lang='lat' dir='ltr'><strong>coepisset!</strong></span> <span class='ocrx_word' id='word_1_59' title='bbox 1806 1134 1979 1189; x_wconf 89' lang='lat' dir='ltr'><strong>quam</strong></span> 
     </span>
     <span class='ocr_line' id='line_1_10' title="bbox 407 1207 1979 1278; baseline 0.004 -16"><span class='ocrx_word' id='word_1_60' title='bbox 407 1207 730 1264; x_wconf 89' lang='lat' dir='ltr'><strong>delectabat</strong></span> <span class='ocrx_word' id='word_1_61' title='bbox 770 1227 920 1278; x_wconf 91' lang='lat' dir='ltr'><strong>eum,</strong></span> <span class='ocrx_word' id='word_1_62' title='bbox 951 1207 1306 1264; x_wconf 89' lang='lat' dir='ltr'><strong>defectiones</strong></span> <span class='ocrx_word' id='word_1_63' title='bbox 1344 1208 1482 1266; x_wconf 87' lang='lat' dir='ltr'><strong>solis</strong></span> <span class='ocrx_word' id='word_1_64' title='bbox 1518 1219 1576 1266; x_wconf 89' lang='lat' dir='ltr'><strong>et</strong></span> <span class='ocrx_word' id='word_1_65' title='bbox 1615 1209 1767 1267; x_wconf 83' lang='lat' dir='ltr'><strong>lunae</strong></span> <span class='ocrx_word' id='word_1_66' title='bbox 1795 1211 1979 1269; x_wconf 88' lang='lat' dir='ltr'><strong>multo</strong></span> 
     </span>
     <span class='ocr_line' id='line_1_11' title="bbox 314 1295 1093 1378; baseline 0.001 -19"><span class='ocrx_word' id='word_1_67' title='bbox 314 1295 376 1347; x_wconf 86' lang='lat'><strong>1⁰</strong></span> <span class='ocrx_word' id='word_1_68' title='bbox 402 1303 570 1359; x_wconf 89' lang='lat' dir='ltr'><strong>nobis</strong></span> <span class='ocrx_word' id='word_1_69' title='bbox 593 1313 724 1361; x_wconf 89' lang='lat' dir='ltr'><strong>ante</strong></span> <span class='ocrx_word' id='word_1_70' title='bbox 748 1303 1093 1378; x_wconf 83' lang='lat' dir='ltr'><strong>praedicere!</strong></span> 
     </span>
    </p>

    <p class='ocr_par' dir='ltr' id='par_1_3' title="bbox 401 1398 1976 1763">
     <span class='ocr_line' id='line_1_12' title="bbox 477 1398 1976 1472; baseline 0 -13"><span class='ocrx_word' id='word_1_71' title='bbox 477 1398 644 1460; x_wconf 77' lang='lat' dir='ltr'><strong>Quid</strong></span> <span class='ocrx_word' id='word_1_72' title='bbox 684 1399 743 1456; x_wconf 92' lang='lat' dir='ltr'><strong>in</strong></span> <span class='ocrx_word' id='word_1_73' title='bbox 783 1398 1091 1457; x_wconf 88' lang='lat' dir='ltr'><strong>levioribus</strong></span> <span class='ocrx_word' id='word_1_74' title='bbox 1133 1400 1355 1472; x_wconf 83' lang='lat' dir='ltr'><strong>studiis,</strong></span> <span class='ocrx_word' id='word_1_75' title='bbox 1387 1401 1487 1457; x_wconf 87' lang='lat' dir='ltr'><strong>sed</strong></span> <span class='ocrx_word' id='word_1_76' title='bbox 1528 1410 1720 1458; x_wconf 90' lang='lat' dir='ltr'><strong>tamen</strong></span> <span class='ocrx_word' id='word_1_77' title='bbox 1751 1402 1976 1460; x_wconf 61' lang='lat' dir='ltr'><strong>acutis!</strong></span> 
     </span>
     <span class='ocr_line' id='line_1_13' title="bbox 401 1495 1974 1574; baseline 0.002 -22"><span class='ocrx_word' id='word_1_78' title='bbox 401 1514 570 1570; x_wconf 89' lang='lat' dir='ltr'><strong>quam</strong></span> <span class='ocrx_word' id='word_1_79' title='bbox 598 1495 884 1571; x_wconf 85' lang='lat' dir='ltr'><strong>gaudebat</strong></span> <span class='ocrx_word' id='word_1_80' title='bbox 911 1495 1075 1552; x_wconf 92' lang='lat' dir='ltr'><strong>Bello</strong></span> <span class='ocrx_word' id='word_1_81' title='bbox 1105 1515 1210 1552; x_wconf 87' lang='lat' dir='ltr'><strong>suo</strong></span> <span class='ocrx_word' id='word_1_82' title='bbox 1236 1497 1462 1553; x_wconf 91' lang='lat' dir='ltr'><strong>Punico</strong></span> <span class='ocrx_word' id='word_1_83' title='bbox 1489 1495 1550 1553; x_wconf 96' lang='lat' dir='ltr'>N</span> <span class='ocrx_word' id='word_1_84' title='bbox 1554 1498 1758 1555; x_wconf 80' lang='lat' dir='ltr'><strong>aevius!</strong></span> <span class='ocrx_word' id='word_1_85' title='bbox 1804 1518 1974 1574; x_wconf 84' lang='lat' dir='ltr'><strong>quarn</strong></span> 
     </span>
     <span class='ocr_line' id='line_1_14' title="bbox 402 1590 1973 1667; baseline 0.002 -20"><span class='ocrx_word' id='word_1_86' title='bbox 402 1590 763 1648; x_wconf 90' lang='lat' dir='ltr'><strong>Truculento</strong></span> <span class='ocrx_word' id='word_1_87' title='bbox 841 1590 1114 1648; x_wconf 82' lang='lat' dir='ltr'><strong>Plautus!</strong></span> <span class='ocrx_word' id='word_1_88' title='bbox 1196 1611 1365 1667; x_wconf 89' lang='lat' dir='ltr'><strong>quam</strong></span> <span class='ocrx_word' id='word_1_89' title='bbox 1429 1593 1751 1651; x_wconf 89' lang='lat' dir='ltr'><strong>Pseudolo!</strong></span> <span class='ocrx_word' id='word_1_90' title='bbox 1835 1594 1973 1652; x_wconf 89' lang='lat' dir='ltr'><strong>Vidi</strong></span> 
     </span>
     <span class='ocr_line' id='line_1_15' title="bbox 401 1686 1969 1763; baseline 0.002 -19"><span class='ocrx_word' id='word_1_91' title='bbox 401 1686 574 1744; x_wconf 89' lang='lat' dir='ltr'><strong>etiam</strong></span> <span class='ocrx_word' id='word_1_92' title='bbox 615 1706 811 1744; x_wconf 87' lang='lat' dir='ltr'><strong>senem</strong></span> <span class='ocrx_word' id='word_1_93' title='bbox 853 1686 1115 1745; x_wconf 86' lang='lat' dir='ltr'><strong>Livium:</strong></span> <span class='ocrx_word' id='word_1_94' title='bbox 1159 1688 1275 1763; x_wconf 86' lang='lat' dir='ltr'><strong>qui,</strong></span> <span class='ocrx_word' id='word_1_95' title='bbox 1307 1707 1438 1745; x_wconf 89' lang='lat' dir='ltr'><strong>cum</strong></span> <span class='ocrx_word' id='word_1_96' title='bbox 1482 1709 1581 1746; x_wconf 88' lang='lat' dir='ltr'><strong>sex</strong></span> <span class='ocrx_word' id='word_1_97' title='bbox 1612 1709 1792 1747; x_wconf 88' lang='lat' dir='ltr'><strong>annos</strong></span> <span class='ocrx_word' id='word_1_98' title='bbox 1821 1700 1969 1761; x_wconf 87' lang='lat' dir='ltr'><strong>ante,</strong></span> 
     </span>
    </p>

    <p class='ocr_par' dir='ltr' id='par_1_4' title="bbox 312 1783 1972 2245">
     <span class='ocr_line' id='line_1_16' title="bbox 312 1783 1970 1861; baseline 0.002 -21"><span class='ocrx_word' id='word_1_99' title='bbox 312 1783 374 1832; x_wconf 85' lang='lat'><strong>15</strong></span> <span class='ocrx_word' id='word_1_100' title='bbox 401 1802 570 1858; x_wconf 89' lang='lat' dir='ltr'><strong>quam</strong></span> <span class='ocrx_word' id='word_1_101' title='bbox 597 1803 708 1861; x_wconf 84' lang='lat' dir='ltr'><strong>ego</strong></span> <span class='ocrx_word' id='word_1_102' title='bbox 729 1795 897 1842; x_wconf 90' lang='lat' dir='ltr'><strong>natus</strong></span> <span class='ocrx_word' id='word_1_103' title='bbox 925 1805 1071 1856; x_wconf 88' lang='lat' dir='ltr'><strong>sum,</strong></span> <span class='ocrx_word' id='word_1_104' title='bbox 1097 1785 1347 1842; x_wconf 88' lang='lat' dir='ltr'><strong>fabulam</strong></span> <span class='ocrx_word' id='word_1_105' title='bbox 1375 1786 1682 1858; x_wconf 88' lang='lat' dir='ltr'><strong>docuisset,</strong></span> <span class='ocrx_word' id='word_1_106' title='bbox 1706 1788 1970 1844; x_wconf 88' lang='lat' dir='ltr'><strong>Centone</strong></span> 
     </span>
     <span class='ocr_line' id='line_1_17' title="bbox 400 1879 1968 1958; baseline 0.003 -23"><span class='ocrx_word' id='word_1_107' title='bbox 400 1879 809 1957; x_wconf 87' lang='lat' dir='ltr'><strong>Tuditanoque</strong></span> <span class='ocrx_word' id='word_1_108' title='bbox 838 1882 1191 1953; x_wconf 89' lang='lat' dir='ltr'><strong>consulibus,</strong></span> <span class='ocrx_word' id='word_1_109' title='bbox 1224 1902 1401 1958; x_wconf 89' lang='lat' dir='ltr'><strong>usque</strong></span> <span class='ocrx_word' id='word_1_110' title='bbox 1431 1883 1500 1939; x_wconf 92' lang='lat' dir='ltr'><strong>ad</strong></span> <span class='ocrx_word' id='word_1_111' title='bbox 1526 1884 1968 1941; x_wconf 87' lang='lat' dir='ltr'><strong>adolescentiam</strong></span> 
     </span>
     <span class='ocr_line' id='line_1_18' title="bbox 399 1978 1967 2052; baseline 0.001 -19"><span class='ocrx_word' id='word_1_112' title='bbox 399 1996 584 2033; x_wconf 89' lang='lat' dir='ltr'><strong>meam</strong></span> <span class='ocrx_word' id='word_1_113' title='bbox 606 1978 887 2052; x_wconf 88' lang='lat' dir='ltr'><strong>processit</strong></span> <span class='ocrx_word' id='word_1_114' title='bbox 909 1988 1090 2035; x_wconf 84' lang='lat' dir='ltr'><strong>aetate.</strong></span> <span class='ocrx_word' id='word_1_115' title='bbox 1164 1978 1338 2048; x_wconf 65' lang='lat' dir='ltr'><strong>‚Quid</strong></span> <span class='ocrx_word' id='word_1_116' title='bbox 1360 1979 1432 2034; x_wconf 89' lang='lat' dir='ltr'><strong>de</strong></span> <span class='ocrx_word' id='word_1_117' title='bbox 1453 1979 1517 2035; x_wconf 89' lang='lat' dir='ltr'><strong>P.</strong></span> <span class='ocrx_word' id='word_1_118' title='bbox 1541 1980 1755 2035; x_wconf 89' lang='lat' dir='ltr'><strong>Licinii</strong></span> <span class='ocrx_word' id='word_1_119' title='bbox 1774 1978 1967 2035; x_wconf 86' lang='lat' dir='ltr'><strong>Crassi</strong></span> 
     </span>
     <span class='ocr_line' id='line_1_19' title="bbox 398 2073 1972 2150; baseline 0.001 -21"><span class='ocrx_word' id='word_1_120' title='bbox 398 2082 456 2129; x_wconf 93' lang='lat' dir='ltr'><strong>et</strong></span> <span class='ocrx_word' id='word_1_121' title='bbox 481 2073 764 2147; x_wconf 89' lang='lat' dir='ltr'><strong>pontificii</strong></span> <span class='ocrx_word' id='word_1_122' title='bbox 793 2083 849 2129; x_wconf 90' lang='lat' dir='ltr'><strong>et</strong></span> <span class='ocrx_word' id='word_1_123' title='bbox 878 2073 1062 2130; x_wconf 89' lang='lat' dir='ltr'><strong>civilis</strong></span> <span class='ocrx_word' id='word_1_124' title='bbox 1097 2074 1241 2150; x_wconf 87' lang='lat' dir='ltr'><strong>juris</strong></span> <span class='ocrx_word' id='word_1_125' title='bbox 1269 2075 1460 2131; x_wconf 91' lang='lat' dir='ltr'><strong>studio</strong></span> <span class='ocrx_word' id='word_1_126' title='bbox 1487 2074 1728 2149; x_wconf 66' lang='lat' dir='ltr'><strong>loquar?</strong></span> <span class='ocrx_word' id='word_1_127' title='bbox 1773 2084 1868 2130; x_wconf 91' lang='lat' dir='ltr'><strong>aut</strong></span> <span class='ocrx_word' id='word_1_128' title='bbox 1895 2074 1972 2130; x_wconf 84' lang='lat' dir='ltr'><strong>de</strong></span> 
     </span>
     <span class='ocr_line' id='line_1_20' title="bbox 399 2168 1967 2245; baseline 0 -20"><span class='ocrx_word' id='word_1_129' title='bbox 399 2168 566 2244; x_wconf 85' lang='lat' dir='ltr'><strong>hujus</strong></span> <span class='ocrx_word' id='word_1_130' title='bbox 593 2169 657 2225; x_wconf 92' lang='lat' dir='ltr'><strong>P.</strong></span> <span class='ocrx_word' id='word_1_131' title='bbox 683 2169 993 2244; x_wconf 79' lang='lat' dir='ltr'><strong>ScipioniS,</strong></span> <span class='ocrx_word' id='word_1_132' title='bbox 1017 2170 1116 2244; x_wconf 93' lang='lat' dir='ltr'><strong>qui</strong></span> <span class='ocrx_word' id='word_1_133' title='bbox 1143 2169 1232 2226; x_wconf 91' lang='lat' dir='ltr'><strong>his</strong></span> <span class='ocrx_word' id='word_1_134' title='bbox 1257 2170 1459 2245; x_wconf 89' lang='lat' dir='ltr'><strong>paucis</strong></span> <span class='ocrx_word' id='word_1_135' title='bbox 1481 2169 1682 2224; x_wconf 90' lang='lat' dir='ltr'><strong>diebus</strong></span> <span class='ocrx_word' id='word_1_136' title='bbox 1709 2168 1967 2243; x_wconf 85' lang='lat' dir='ltr'><strong>pontifex</strong></span> 
     </span>
    </p>

    <p class='ocr_par' dir='ltr' id='par_1_5' title="bbox 297 2260 1964 3109">
     <span class='ocr_line' id='line_1_21' title="bbox 303 2260 1964 2341; baseline -0.001 -19"><span class='ocrx_word' id='word_1_137' title='bbox 303 2260 367 2309; x_wconf 71' lang='lat'><strong>2⁰</strong></span> <span class='ocrx_word' id='word_1_138' title='bbox 399 2265 678 2322; x_wconf 85' lang='lat' dir='ltr'><strong>maximus</strong></span> <span class='ocrx_word' id='word_1_139' title='bbox 734 2266 919 2322; x_wconf 86' lang='lat' dir='ltr'><strong>factus</strong></span> <span class='ocrx_word' id='word_1_140' title='bbox 972 2267 1097 2323; x_wconf 74' lang='lat' dir='ltr'><strong>est&#39;?</strong></span> <span class='ocrx_word' id='word_1_141' title='bbox 1180 2266 1360 2341; x_wconf 86' lang='lat' dir='ltr'><strong>Atqui</strong></span> <span class='ocrx_word' id='word_1_142' title='bbox 1414 2284 1514 2321; x_wconf 89' lang='lat' dir='ltr'><strong>eos</strong></span> <span class='ocrx_word' id='word_1_143' title='bbox 1561 2282 1778 2334; x_wconf 88' lang='lat' dir='ltr'><strong>omnes,</strong></span> <span class='ocrx_word' id='word_1_144' title='bbox 1823 2283 1964 2339; x_wconf 91' lang='lat' dir='ltr'><strong>quos</strong></span> 
     </span>
     <span class='ocr_line' id='line_1_22' title="bbox 397 2361 1964 2437; baseline 0 -20"><span class='ocrx_word' id='word_1_145' title='bbox 397 2362 856 2432; x_wconf 89' lang='lat' dir='ltr'><strong>commemoravi,</strong></span> <span class='ocrx_word' id='word_1_146' title='bbox 900 2361 990 2418; x_wconf 90' lang='lat' dir='ltr'><strong>his</strong></span> <span class='ocrx_word' id='word_1_147' title='bbox 1031 2362 1234 2418; x_wconf 88' lang='lat' dir='ltr'><strong>studiis</strong></span> <span class='ocrx_word' id='word_1_148' title='bbox 1275 2362 1580 2437; x_wconf 85' lang='lat' dir='ltr'><strong>flagrantes</strong></span> <span class='ocrx_word' id='word_1_149' title='bbox 1621 2378 1786 2416; x_wconf 89' lang='lat' dir='ltr'><strong>senes</strong></span> <span class='ocrx_word' id='word_1_150' title='bbox 1827 2361 1964 2417; x_wconf 87' lang='lat' dir='ltr'><strong>vidi-</strong></span> 
     </span>
     <span class='ocr_line' id='line_1_23' title="bbox 396 2455 1961 2533; baseline 0 -19"><span class='ocrx_word' id='word_1_151' title='bbox 396 2476 539 2514; x_wconf 82' lang='lat' dir='ltr'><strong>muS.</strong></span> <span class='ocrx_word' id='word_1_152' title='bbox 624 2455 706 2514; x_wconf 89' lang='lat' dir='ltr'><strong>M.</strong></span> <span class='ocrx_word' id='word_1_153' title='bbox 750 2477 886 2514; x_wconf 85' lang='lat' dir='ltr'><strong>vero</strong></span> <span class='ocrx_word' id='word_1_154' title='bbox 927 2458 1271 2533; x_wconf 86' lang='lat' dir='ltr'><strong>Cethegum,</strong></span> <span class='ocrx_word' id='word_1_155' title='bbox 1300 2475 1468 2532; x_wconf 90' lang='lat' dir='ltr'><strong>quem</strong></span> <span class='ocrx_word' id='word_1_156' title='bbox 1510 2465 1668 2511; x_wconf 89' lang='lat' dir='ltr'><strong>recte</strong></span> <span class='ocrx_word' id='word_1_157' title='bbox 1698 2457 1961 2513; x_wconf 80' lang='lat' dir='ltr'><strong>“Suadae</strong></span> 
     </span>
     <span class='ocr_line' id='line_1_24' title="bbox 395 2550 1960 2627; baseline 0.001 -18"><span class='ocrx_word' id='word_1_158' title='bbox 395 2553 749 2609; x_wconf 88' lang='lat' dir='ltr'><strong>medullam&#39;&#39;</strong></span> <span class='ocrx_word' id='word_1_159' title='bbox 782 2553 923 2609; x_wconf 87' lang='lat' dir='ltr'><strong>dixit</strong></span> <span class='ocrx_word' id='word_1_160' title='bbox 964 2553 1208 2623; x_wconf 77' lang='lat' dir='ltr'><strong>EnniuS,</strong></span> <span class='ocrx_word' id='word_1_161' title='bbox 1238 2562 1450 2627; x_wconf 88' lang='lat' dir='ltr'><strong>quanto</strong></span> <span class='ocrx_word' id='word_1_162' title='bbox 1491 2550 1681 2607; x_wconf 91' lang='lat' dir='ltr'><strong>studio</strong></span> <span class='ocrx_word' id='word_1_163' title='bbox 1710 2553 1960 2610; x_wconf 88' lang='lat' dir='ltr'><strong>exerceri</strong></span> 
     </span>
     <span class='ocr_line' id='line_1_25' title="bbox 306 2635 1960 2719; baseline 0 -15"><span class='ocrx_word' id='word_1_164' title='bbox 306 2651 311 2655; x_wconf 77' lang='grc'><strong><em>’</em></strong></span> <span class='ocrx_word' id='word_1_165' title='bbox 394 2648 454 2704; x_wconf 93' lang='lat' dir='ltr'><strong>in</strong></span> <span class='ocrx_word' id='word_1_166' title='bbox 483 2648 732 2705; x_wconf 92' lang='lat' dir='ltr'><strong>dicendo</strong></span> <span class='ocrx_word' id='word_1_167' title='bbox 762 2648 1112 2719; x_wconf 77' lang='lat' dir='ltr'><strong>videbamUS,</strong></span> <span class='ocrx_word' id='word_1_168' title='bbox 1137 2648 1310 2703; x_wconf 89' lang='lat' dir='ltr'><strong>etiam</strong></span> <span class='ocrx_word' id='word_1_169' title='bbox 1338 2647 1567 2703; x_wconf 87' lang='lat' dir='ltr'><strong>senem!</strong></span> <span class='ocrx_word' id='word_1_170' title='bbox 1607 2635 1620 2652; x_wconf 26' lang='grc' dir='ltr'>ἲ</span> <span class='ocrx_word' id='word_1_171' title='bbox 1648 2647 1802 2709; x_wconf 78' lang='lat' dir='ltr'><strong>Quae</strong></span> <span class='ocrx_word' id='word_1_172' title='bbox 1831 2657 1960 2715; x_wconf 84' lang='lat' dir='ltr'><strong>sunt</strong></span> 
     </span>
     <span class='ocr_line' id='line_1_26' title="bbox 297 2727 1954 2820; baseline -0.001 -19"><span class='ocrx_word' id='word_1_173' title='bbox 297 2757 362 2807; x_wconf 62' lang='lat'><strong>25</strong></span> <span class='ocrx_word' id='word_1_174' title='bbox 393 2727 568 2820; x_wconf 85' lang='lat' dir='ltr'><strong>igitur</strong></span> <span class='ocrx_word' id='word_1_175' title='bbox 623 2745 938 2819; x_wconf 91' lang='lat' dir='ltr'><strong>epularum,</strong></span> <span class='ocrx_word' id='word_1_176' title='bbox 991 2754 1085 2800; x_wconf 89' lang='lat' dir='ltr'><strong>aut</strong></span> <span class='ocrx_word' id='word_1_177' title='bbox 1139 2744 1425 2813; x_wconf 91' lang='lat' dir='ltr'><strong>ludorum,</strong></span> <span class='ocrx_word' id='word_1_178' title='bbox 1473 2752 1569 2800; x_wconf 90' lang='lat' dir='ltr'><strong>aut</strong></span> <span class='ocrx_word' id='word_1_179' title='bbox 1622 2755 1954 2814; x_wconf 88' lang='lat' dir='ltr'><strong>scortorum,</strong></span> 
     </span>
     <span class='ocr_line' id='line_1_27' title="bbox 352 2838 1954 2915; baseline 0 -20"><span class='ocrx_word' id='word_1_180' title='bbox 352 2840 708 2915; x_wconf 61' lang='lat' dir='ltr'><strong>*voluptates</strong></span> <span class='ocrx_word' id='word_1_181' title='bbox 763 2859 893 2896; x_wconf 89' lang='lat' dir='ltr'><strong>cum</strong></span> <span class='ocrx_word' id='word_1_182' title='bbox 930 2839 1039 2895; x_wconf 58' lang='lat' dir='ltr'><strong>2his</strong></span> <span class='ocrx_word' id='word_1_183' title='bbox 1080 2838 1464 2914; x_wconf 85' lang='lat' dir='ltr'><strong>voluptatibus</strong></span> <span class='ocrx_word' id='word_1_184' title='bbox 1518 2839 1954 2914; x_wconf 70' lang='lat' dir='ltr'><strong>comparandae&#39;?</strong></span> 
     </span>
     <span class='ocr_line' id='line_1_28' title="bbox 391 2934 1952 3011; baseline -0.001 -19"><span class='ocrx_word' id='word_1_185' title='bbox 391 2935 583 3010; x_wconf 90' lang='lat' dir='ltr'><strong>Atque</strong></span> <span class='ocrx_word' id='word_1_186' title='bbox 611 2936 734 2993; x_wconf 83' lang='lat' dir='ltr'><strong>haec</strong></span> <span class='ocrx_word' id='word_1_187' title='bbox 762 2936 990 3011; x_wconf 89' lang='lat' dir='ltr'><strong>quidem</strong></span> <span class='ocrx_word' id='word_1_188' title='bbox 1021 2935 1212 2991; x_wconf 84' lang='lat' dir='ltr'><strong>studia</strong></span> <span class='ocrx_word' id='word_1_189' title='bbox 1241 2934 1546 3005; x_wconf 85' lang='lat' dir='ltr'><strong>doctrinae3</strong></span> <span class='ocrx_word' id='word_1_190' title='bbox 1577 2954 1700 3010; x_wconf 85' lang='lat' dir='ltr'><strong>quae</strong></span> <span class='ocrx_word' id='word_1_191' title='bbox 1728 2934 1952 3009; x_wconf 89' lang='lat' dir='ltr'><strong>quidem</strong></span> 
     </span>
     <span class='ocr_line' id='line_1_29' title="bbox 388 3030 1954 3109; baseline -0.003 -17"><span class='ocrx_word' id='word_1_192' title='bbox 388 3030 763 3109; x_wconf 80' lang='lat' dir='ltr'><strong>prudentibus</strong></span> <span class='ocrx_word' id='word_1_193' title='bbox 803 3041 860 3088; x_wconf 91' lang='lat' dir='ltr'><strong>et</strong></span> <span class='ocrx_word' id='word_1_194' title='bbox 887 3033 1034 3090; x_wconf 88' lang='lat' dir='ltr'><strong>bene</strong></span> <span class='ocrx_word' id='word_1_195' title='bbox 1076 3031 1351 3091; x_wconf 84' lang='lat' dir='ltr'><strong>institutis</strong></span> <span class='ocrx_word' id='word_1_196' title='bbox 1375 3032 1588 3108; x_wconf 83' lang='lat' dir='ltr'><strong>pariter</strong></span> <span class='ocrx_word' id='word_1_197' title='bbox 1628 3049 1761 3087; x_wconf 89' lang='lat' dir='ltr'><strong>cum</strong></span> <span class='ocrx_word' id='word_1_198' title='bbox 1790 3038 1954 3088; x_wconf 86' lang='lat' dir='ltr'><strong>aetate</strong></span> 
     </span>
    </p>
   </div>
  </div>
 </body>
</html>
