2192 3550
765 317 852 364 DE
882 314 1286 366 smmum.
1825 300 1913 362 27

246 464 355 525 ista
380 464 577 525 senilis
603 467 845 526 stultitia
867 464 1022 544 (quae
1051 466 1315 525 deliratio
1338 462 1609 541 appellari
1637 461 1807 541 solet)

245 581 444 620 senum
470 562 682 620 levium
710 572 817 635 est,
845 582 961 620 non
990 563 1261 621 omnium.

319 658 590 720 Quatuor
619 661 884 717 robustos
925 658 1090 730 filios,
1120 659 1370 734 quinque
1398 657 1562 728 filias,
1592 664 1818 713 tantam.

243 753 494 825 domum,
550 764 738 811 tantas
795 753 1113 825 clientelam,
1170 753 1396 829 Appius
1448 754 1705 829 regebat,
1751 760 1810 808 et

242 869 418 907 senex
456 859 516 906 et
557 869 783 909 caecus:
834 849 1119 907 intentum
1160 851 1313 907 enim
1358 849 1630 920 animum,
1671 858 1881 914 tam-5·-

240 966 408 1021 quam
440 966 657 1018 arcum,
687 946 965 1016 habebat3
997 965 1109 1003 nec
1135 946 1519 1022 languescens
1546 964 1810 1003 succum-

240 1044 413 1100 bebat
451 1043 752 1100 senectuti.
835 1042 1105 1100 Tenebat
1143 1061 1258 1101 non
1300 1041 1472 1099 modo
1510 1041 1811 1099 auctorita-

240 1148 377 1211 tem,
419 1140 521 1196 sed
561 1139 734 1196 etiam
774 1139 1095 1215 imperium,
1138 1139 1197 1197 in
1255 1158 1422 1197 suos:
1478 1138 1811 1197 metuebant

239 1235 420 1307 servi3
478 1237 818 1294 verebantur
870 1236 1070 1307 liberi3
1135 1255 1333 1294 carum
1382 1232 1584 1293 omnes
1639 1235 1810 1292 habe-

238 1332 409 1390 bant:
452 1332 680 1410 vigebat
720 1333 780 1391 in
822 1332 922 1390 illa
962 1333 1135 1391 domo
1173 1333 1400 1410 patrius
1435 1351 1558 1391 mos
1596 1342 1655 1389 et
1695 1332 1809 1390 dis-
1839 1336 1910 1386 m·

238 1428 467 1504 ciplina.
824 1442 831 1445 ’

311 1524 405 1583 Ita
442 1526 597 1584 enim
639 1534 908 1583 senectus
948 1526 1193 1583 honesta
1230 1535 1338 1597 est,
1367 1525 1416 1583 si
1458 1543 1520 1582 se
1561 1523 1688 1600 ipsa
1711 1524 1810 1581 de-

237 1620 437 1694 fendit,
466 1622 515 1680 si
538 1623 632 1698 jus
659 1641 827 1681 suum
853 1622 1082 1693 retinet,
1114 1622 1163 1679 si
1199 1622 1417 1679 nemini
1446 1621 1810 1697 emancipata

235 1725 342 1789 est,
371 1717 422 1774 si
448 1736 626 1792 usque
658 1717 729 1774 ad
757 1726 1074 1774 extremum
1104 1717 1366 1791 spiritum
1394 1716 1718 1775 dominatur
1746 1716 1806 1774 in

236 1831 387 1869 suos.
468 1812 549 1869 Ut
588 1812 742 1869 enim
786 1812 1230 1882 adolescentem,
1260 1812 1321 1867 in
1347 1831 1459 1886 quo
1486 1811 1666 1869 senile
1709 1812 1808 1870 ali-
1838 1826 1899 1876 15

233 1906 393 1982 quid,
422 1906 509 1964 sic
549 1926 764 1978 senem,
795 1907 855 1964 in
886 1926 997 1981 quo
1022 1916 1111 1963 est
1152 1907 1529 1965 adolescentis
1571 1909 1803 1984 aliquid,

232 2004 445 2079 probo:
487 2003 639 2079 quod
681 2004 776 2078 qui
835 2003 1112 2078 sequitur,
1155 2023 1392 2080 corpore
1449 2025 1625 2064 senex
1678 2026 1805 2066 esse

230 2100 459 2174 poterit,
519 2099 708 2157 animo
760 2118 1053 2173 nunquam
1109 2100 1233 2158 erit.
1318 2101 1610 2177 Septimus
1662 2102 1802 2161 mihi

234 2202 271 2228 “
291 2195 598 2273 Originum
617 2198 651 2223 '’
694 2195 840 2254 liber
882 2205 970 2253 est
1010 2195 1068 2253 in
1098 2197 1394 2256 manibus:
1439 2200 1635 2258 omnia
1662 2200 1804 2257 anti-

232 2292 463 2366 quitatis
481 2302 856 2349 monumenta
878 2292 1117 2369 colligo:
1150 2312 1451 2352 causarum
1474 2295 1800 2368 illustrium,
1831 2297 1907 2347 ω

229 2407 617 2464 quascumque
659 2388 912 2459 defendi,
954 2408 1114 2446 nunc
1169 2409 1339 2464 quam
1380 2391 1626 2449 maxime
1667 2411 1803 2450 con-

230 2485 364 2542 ficio
402 2486 719 2543 orationes:
756 2485 850 2560 jus
892 2504 1191 2562 augurum,
1231 2486 1587 2561 pontificum,
1631 2469 1829 2552 civile?

231 2589 447 2636 tracto:
490 2581 730 2638 multum
770 2581 946 2638 etiam
986 2582 1210 2638 Graecis
1247 2581 1427 2638 literis
1468 2592 1629 2640 utor:
1691 2582 1808 2657 Py-

230 2674 742 2752 thagoreorumque
769 2696 946 2748 more,
977 2678 1315 2735 exercendae
1355 2678 1645 2736 memoriae
1673 2696 1799 2754 gra-

230 2771 333 2841 tia,
363 2770 498 2846 quid
527 2791 746 2847 quoque
788 2773 880 2831 die
921 2773 1185 2845 dixerim,
1230 2773 1526 2845 audierim,
1556 2773 1795 2851 egerim,
1825 2785 1901 2836 25³

231 2885 620 2925 commemoro
670 2870 905 2944 vesperi.
1009 2869 1120 2927 Hae
1174 2879 1307 2927 sunt
1360 2870 1797 2929 exercitationes

231 2962 472 3039 ingenii,
515 2963 639 3020 haec
668 2965 955 3023 curricula
992 2966 1237 3023 mentis:
1280 2966 1341 3023 in
1381 2966 1471 3024 his
1511 2967 1798 3027 desudans

234 3068 403 3135 atque
442 3060 761 3132 elaborans»,
803 3061 1058 3137 corporis
1098 3062 1248 3121 vires
1287 3081 1403 3139 non
1449 3082 1799 3144 magnopere
