2192 3550
293 298 375 360 60
695 310 968 369 menum,
1004 309 1155 357 slva
1192 310 1280 358 nt:
1324 310 1638 358 monn.

383 476 503 518 non
523 474 668 536 egeo
687 456 977 515 medicina
999 478 1013 516 z
1054 476 1151 516 me
1177 457 1298 535 ipse
1320 459 1608 532 consolor,
1631 468 1692 518 et
1710 458 1963 519 maxime

385 556 484 614 illo
511 554 736 627 solatio,
759 555 914 629 quod
941 573 1013 613 eo
1039 574 1236 614 errore
1263 572 1454 630 careo,
1477 575 1612 632 quo,
1637 557 1958 615 amicorum

383 652 643 723 decessu,
671 652 928 728 plerique
965 653 1100 730 angi
1137 654 1341 712 solent.
1420 654 1585 712 Nihil
1623 653 1779 710 enim
1815 652 1957 710 mali

385 748 666 806 accidisse
713 750 976 825 Scipioni
1021 761 1198 826 puto:
1246 751 1388 808 mihi
1436 750 1667 820 accidit,
1715 749 1765 806 si
1812 747 1956 823 quid

320 851 353 901 5
385 845 617 903 accidit.
697 846 833 904 Suis
875 857 1065 905 autern
1106 846 1488 905 incommodis
1519 844 1764 921 graviter
1794 844 1955 922 angi,

380 960 499 1000 non
529 944 800 1016 amicum,
829 945 927 1003 sed
958 944 1210 1020 seipsum
1240 942 1483 1000 amantis
1509 951 1613 1000 est.

459 1039 610 1098 Cum
638 1041 737 1098 illo
765 1059 899 1098 vero
927 1040 1054 1117 quis
1081 1048 1254 1118 neget
1282 1049 1473 1097 aetum
1495 1058 1621 1096 esse
1638 1038 1955 1115 praeclare?

380 1135 514 1193 Nisi
543 1138 698 1194 enim
729 1136 910 1212 (quod
938 1138 1033 1194 ille
1061 1136 1297 1193 minime
1322 1137 1588 1216 putabat)
1621 1135 1958 1194 immortali·

380 1240 556 1288 tatem
599 1242 796 1306 optare
829 1232 1017 1304 vellet,
1047 1233 1187 1307 quid
1227 1250 1341 1289 non
1382 1241 1469 1287 est
1511 1232 1768 1307 adeptus,
1797 1232 1952 1308 quod

289 1332 351 1382 10
380 1325 598 1382 homini
630 1326 713 1383 fas
741 1336 891 1383 esset
918 1329 1152 1402 optare?
1193 1327 1289 1402 qui
1318 1345 1596 1383 summam
1625 1345 1785 1401 spem
1813 1326 1951 1384 civi-

378 1440 495 1493 um,
524 1441 693 1497 quarn
735 1423 807 1478 de
846 1440 917 1478 eo
950 1422 1068 1497 jam
1096 1440 1277 1497 puero
1305 1422 1639 1492 habuerant,
1670 1421 1954 1479 continuo

380 1517 715 1575 adolescens
743 1517 1069 1574 incredibili
1090 1517 1299 1574 virtute
1327 1517 1641 1591 superavit:
1685 1517 1784 1592 qui
1813 1536 1952 1575 con*

379 1613 625 1673 sulatum
652 1614 851 1690 petivit
884 1632 1192 1687 nunquam,
1224 1613 1410 1670 sactus
1450 1623 1538 1670 est
1578 1613 1780 1670 consul
1822 1614 1946 1671 bis:

377 1711 623 1788 primum
655 1721 785 1768 ante
813 1720 1034 1787 tempus
1051 1729 1065 1781 ;
1112 1709 1318 1766 iterum
1359 1709 1487 1782 sibi,
1517 1728 1625 1768 suo
1650 1720 1948 1786 tempore;

288 1822 350 1871 15
379 1810 728 1885 reipublicae,
750 1828 913 1884 paene
941 1827 1098 1865 sero:
1140 1807 1258 1883 qui,
1282 1806 1504 1865 duabus
1531 1808 1768 1866 urbibus
1795 1826 1952 1866 ever·

379 1906 476 1976 sis,
508 1905 917 1974 inimicissimis
958 1905 1094 1961 huic
1136 1903 1396 1979 imperio,
1434 1922 1552 1962 non
1593 1904 1767 1963 modo
1805 1923 1948 1982 prae·

378 2001 580 2070 sentia,
610 2019 806 2056 verum
843 2001 1016 2057 etiam
1057 1999 1251 2056 sutura
1285 2000 1436 2057 bella
1474 2000 1700 2058 delevit.
1779 2000 1944 2062 Quid

377 2095 567 2152 dicam
609 2096 681 2151 de
720 2096 977 2156 moribus
1018 2096 1347 2154 facillimis?
1390 2097 1462 2153 de
1500 2097 1714 2171 pietate
1741 2097 1801 2153 in
1829 2113 1947 2153 ma·

375 2193 563 2248 trem?
603 2191 946 2249 liberalitate
986 2192 1046 2249 in
1086 2194 1353 2250 sorores?
1395 2192 1651 2249 bonitate
1680 2191 1740 2248 in
1768 2193 1946 2249 suos'l

283 2302 346 2352 20
369 2287 592 2363 justitia
613 2287 673 2344 in
694 2289 933 2346 omnes?
974 2299 1114 2346 nota
1133 2298 1268 2346 sunt
1287 2288 1465 2345 vobis.
1530 2287 1729 2349 Quam
1754 2297 1944 2345 autem

375 2383 595 2441 civitati
617 2404 784 2442 carus
803 2385 992 2457 suerit,
1007 2404 1249 2442 moerore
1267 2385 1484 2442 funeris
1501 2383 1818 2441 indicatum
1837 2394 1941 2442 est.

372 2481 536 2543 Quid
578 2481 751 2558 igitur
794 2482 950 2538 hunc
987 2501 1306 2557 paucorum
1356 2499 1635 2538 annorum
1685 2480 1946 2539 accessio

367 2578 565 2655 juvare
597 2579 918 2653 potuisset?
1000 2579 1285 2635 Senectus
1324 2578 1498 2649 enim,
1526 2577 1784 2652 quamvis
1823 2596 1940 2635 non
2005 2647 2018 2654 β

374 2674 447 2732 sit
472 2674 679 2752 gravis,
713 2674 805 2750 (ut
832 2674 1067 2732 memini
1096 2673 1401 2745 Catonem,
1432 2691 1583 2730 anno
1613 2683 1744 2730 ante
1772 2691 1941 2749 quam

281 2773 346 2822 25
373 2781 631 2830 mortuus
657 2780 763 2842 est,
793 2789 1021 2828 mecum
1060 2781 1120 2827 et
1160 2788 1294 2827 cum
1328 2769 1604 2845 Scipione
1630 2769 1937 2847 disserere)

371 2870 566 2925 tamen
607 2868 789 2926 aufert
829 2886 956 2925 eam
987 2866 1353 2939 viriditatem,
1384 2867 1443 2924 in
1477 2866 1592 2942 qua
1626 2867 1939 2925 etiamnum

372 2973 497 3021 erat
525 2964 625 3021 Sci
668 2965 741 3022 io.

447 2983 847 3122 Quanibbrem
867 3060 985 3121 vita
1007 3060 1241 3139 quidem
1267 3060 1399 3122 talis
1424 3061 1553 3135 fuit,
1572 3059 1662 3119 vel
1691 3054 1940 3131 fortuni,

2175 386 2178 453 l

2173 466 2179 649 A
