2192 3550
552 324 822 383 LAELIUS,
858 324 1008 371 siva
1046 323 1134 369 DE
1172 323 1485 370 Amen-n.
1801 310 1883 372 69

234 470 602 545 disputatum,
633 472 904 531 affuisse&
984 470 1197 532 Qualis
1223 481 1346 529 tum
1372 480 1649 546 patronus
1681 470 1798 547 jus·

234 565 375 623 titiae
406 567 510 625 fuit
538 578 740 625 contra
770 577 1095 625 accuratam
1125 568 1442 625 orationem
1469 567 1649 625 Phili!

309 662 593 720 Fannius.
665 662 866 720 Facile
893 662 954 718 id
980 662 1209 737 quidem
1233 663 1358 734 fuit,
1381 663 1660 739 justitiam
1680 663 1798 741 jua-

229 757 454 815 tissimo
480 759 603 816 viro
631 758 955 817 defendere.

309 854 581 917 Scaevola.
663 855 830 915 Quid
874 855 1235 912 amicitiam?
1275 873 1470 912 nonne
1511 855 1681 913 facile
1719 855 1795 929 ei,
1819 860 1854 911 δ

228 951 328 1025 qui
369 952 445 1008 ob
488 968 614 1008 eam
644 951 867 1008 summa
912 951 1044 1022 fide,
1083 951 1429 1023 constantia,
1464 952 1797 1028 justitiaque

229 1057 532 1118 servatam,
561 1046 866 1105 maximam
895 1048 1136 1125 gloriam
1165 1048 1422 1122 ceperit'l

309 1236 474 1295 VIII.
555 1239 792 1299 Laelius.
873 1240 1013 1301 vim,
1049 1241 1165 1298 hoc
1203 1240 1434 1316 quidem
1462 1250 1549 1297 eet
1577 1240 1794 1298 afferre.

225 1333 393 1396 Quid
414 1335 568 1392 enim
589 1336 780 1409 refert,
797 1337 911 1411 quii
931 1355 1024 1393 me
1044 1337 1269 1394 ratione
1290 1337 1547 1413 cogatis?
1588 1336 1797 1414 cogitis

227 1440 402 1488 certe.
486 1432 707 1495 Studiis
733 1433 887 1493 enim
915 1452 1276 1509 generorum,
1303 1433 1619 1509 praesertim
1645 1434 1705 1490 in
1732 1451 1796 1490 re
1822 1437 1884 1486 10

227 1526 400 1600 bona,
433 1546 568 1587 cum
603 1529 836 1587 difficile
876 1539 981 1601 est,
1013 1539 1137 1586 tum
1177 1548 1253 1587 ne
1294 1546 1517 1604 aequum
1544 1530 1795 1604 quidem,

226 1622 522 1681 obsistere.

307 1717 634 1792 Saepissime
674 1718 848 1794 igitur
887 1718 1050 1794 mihi,
1084 1720 1158 1775 de
1200 1718 1455 1777 amicitia
1494 1718 1793 1795 cogitanti,

229 1813 476 1869 maxime
517 1813 658 1869 illud
700 1813 1184 1870 considerandum
1219 1813 1400 1870 videri
1439 1813 1602 1885 solet,
1634 1832 1793 1886 num,

228 1917 460 1983 propter
489 1908 938 1966 imbecillitatem
976 1919 1144 1984 atque
1172 1908 1444 1983 inopiam,
1475 1909 1797 1968 desiderata
1821 1920 1883 1969 15

230 2002 303 2062 sit
345 2004 630 2075 amicitia3
687 2014 769 2075 ut,
813 2005 1017 2062 dandis
1056 2005 1515 2081 recipiendisque
1554 2005 1792 2078 meritis,

231 2100 380 2173 quod
404 2100 644 2176 quisque
666 2101 854 2158 minus
879 2120 982 2176 per
1008 2121 1070 2160 se
1101 2103 1223 2176 ipse
1248 2112 1461 2177 posset,
1484 2102 1543 2158 id
1573 2102 1796 2178 accipe-

230 2205 313 2252 ret
354 2197 423 2253 ab
466 2196 597 2268 alio,
632 2197 995 2272 vicissimque
1036 2199 1331 2268 redderet3
1378 2218 1449 2254 an
1490 2209 1640 2256 esset
1679 2199 1796 2256 hoc

231 2291 456 2362 quidem
499 2293 793 2369 proprium
851 2293 1163 2365 amicitiae;
1227 2294 1329 2350 sed
1379 2294 1685 2369 antiquior,
1733 2303 1793 2350 et

230 2387 537 2460 pulchrior,
571 2399 629 2445 et
665 2389 849 2466 magis
892 2409 926 2446 a
963 2390 1169 2446 natura
1209 2389 1335 2465 ipsa
1371 2390 1651 2465 prosecta,
1683 2389 1793 2446 alia
1815 2398 1878 2448 20

236 2496 417 2540 causa.
499 2486 679 2543 Amor
720 2486 875 2542 enim
914 2483 1012 2561 (ex
1045 2503 1160 2559 quo
1190 2485 1444 2543 amicitia
1468 2485 1790 2564 nominata)

235 2575 493 2654 princeps
540 2591 626 2637 est
676 2581 747 2638 ad
794 2580 1254 2637 benevolentiam
1310 2579 1789 2655 conjungendam.

235 2668 294 2727 N
299 2689 384 2727 am
411 2674 681 2733 utilitates
709 2677 942 2751 quidem
969 2675 1143 2733 etiam
1183 2676 1255 2732 ab
1291 2676 1361 2731 iis
1396 2674 1790 2751 percipiuntur

238 2784 398 2841 saepe,
419 2770 516 2843 qui
544 2770 903 2829 simulatione
933 2770 1199 2829 amicitiae
1221 2771 1487 2827 coluntur
1516 2779 1573 2826 et
1601 2771 1791 2826 obser-

236 2874 429 2921 vantur
462 2866 637 2922 causa
667 2868 938 2942 temporis
963 2888 976 2924 ε
1019 2868 1078 2923 in
1123 2866 1377 2923 amicitia
1408 2876 1617 2937 autem,
1644 2865 1787 2924 nihil
1813 2880 1876 2931 25

236 2959 443 3034 fictum,
471 2961 614 3020 nihil
643 2961 1003 3020 simulatum:
1044 2973 1123 3034 et,
1153 2962 1430 3037 quidquid
1470 2962 1531 3020 in
1571 2963 1642 3021 ea
1680 2972 1786 3035 est,

240 3054 297 3112 id
321 3066 404 3114 est
428 3075 622 3115 verum
649 3066 709 3115 et
736 3058 1133 3118 voluntarium.
