2192 3550
319 315 401 373 96
741 324 1018 387 LAELan,
1057 328 1208 376 slvn
1244 328 1334 376 nn
1374 328 1689 376 mrcrru.

413 484 636 552 potest:
700 493 834 534 cum
888 476 1155 536 homines
1211 478 1614 537 benevolentia
1682 478 2006 556 conjuncti,

413 572 661 648 primurn
690 573 1105 649 cupiditatibus
1145 575 1237 648 iis,
1267 576 1475 652 quibus
1497 576 1693 634 caeteri
1720 577 2006 652 serviunt,

414 667 795 743 imperabunt,
843 669 1055 729 deinde
1107 672 1374 748 aequitate
1408 672 1744 749 justitiaque
1786 672 2010 750 gaude-

413 764 589 837 buut3
631 767 935 844 omniaque
960 769 1102 826 alter
1130 788 1235 847 pro
1265 770 1445 828 altero
1472 768 1749 846 suscipiet
1764 789 1780 841 ;
1809 788 2007 846 neque

348 880 381 929 5
413 862 721 940 quidquam
739 885 1012 942 unquam,
1034 866 1148 925 nisi
1176 867 1480 926 honestum
1504 878 1562 925 et
1586 877 1829 940 rectum,
1854 867 2004 926 alter

414 960 486 1018 ab
516 962 695 1021 altero
719 965 1028 1040 postulabit
1054 985 1066 1022 :
1110 983 1298 1040 neque
1324 965 1512 1023 solum
1534 983 1599 1022 se
1624 964 1819 1023 colent
1844 964 2001 1022 inter

412 1077 494 1131 se,
526 1079 594 1118 ac
623 1061 883 1138 diligent,
905 1062 1005 1120 sed
1034 1062 1209 1119 etiam
1237 1062 1617 1120 verebuntur:
1659 1080 1793 1119 nam
1819 1061 2004 1118 maxi·

412 1175 568 1214 mum
595 1169 994 1216 ornamentum
1025 1159 1294 1216 amicitiae
1321 1158 1490 1230 tollit,
1521 1159 1620 1233 qui
1646 1178 1720 1217 ex
1745 1158 1819 1217 ea
1844 1157 1999 1217 tollit

415 1253 837 1311 verecundiam.

319 1366 381 1416 10
490 1348 694 1424 Itaque
734 1350 794 1407 in
837 1351 907 1407 iis
945 1351 1307 1425 perniciosus
1340 1361 1428 1409 est
1467 1369 1646 1422 error,
1677 1351 1776 1427 qui
1803 1352 2005 1410 existi-

412 1455 591 1517 mant,
625 1446 929 1504 libidinum
969 1439 1457 1522 peccatorumque
1497 1447 1755 1505 omnium
1794 1458 2001 1523 patere

413 1542 472 1599 in
514 1542 768 1601 amicitia
806 1544 1119 1603 licentiam.
1202 1545 1497 1602 Virtutum
1542 1544 1800 1603 amicitia
1841 1546 2005 1622 adju·

413 1640 526 1698 trix
552 1661 584 1698 a
610 1640 817 1699 natura
846 1643 980 1700 data
1025 1652 1132 1715 est,
1161 1662 1279 1700 non
1326 1643 1594 1701 vitiorum
1639 1658 1866 1713 comes·;
1910 1652 1999 1714 ut,

414 1739 686 1815 quoniam
720 1739 973 1799 solitaria
1015 1760 1135 1799 non
1171 1750 1366 1818 posset
1409 1741 1590 1799 virtus
1639 1740 1708 1799 ad
1753 1759 1841 1813 ea,
1870 1759 1997 1817 quae

320 1842 382 1890 15
413 1857 637 1897 summa
677 1848 829 1912 sunt,
869 1840 1191 1915 pervenire,
1222 1839 1538 1916 conjuncta
1576 1849 1635 1898 et
1661 1838 1997 1897 consociata

413 1953 547 1993 cum
578 1935 756 1994 altera
776 1937 1134 2012 perveniret:
1176 1956 1302 2012 quae
1331 1936 1380 1995 si
1401 1957 1543 2012 quos
1571 1937 1719 1995 inter
1747 1935 1999 1994 societas

414 2042 510 2089 aut
539 2042 645 2104 est,
677 2044 773 2090 aut
802 2034 927 2105 fuit,
959 2043 1056 2090 aut
1084 2034 1278 2092 futura
1308 2045 1415 2107 est,
1445 2054 1641 2093 eorum
1670 2044 1758 2091 est
1784 2033 2001 2090 haben-

412 2127 520 2185 dus
550 2130 621 2185 ad
649 2148 935 2187 summum
963 2141 1182 2189 naturae
1211 2132 1426 2191 bonum
1462 2132 1711 2208 optimus
1739 2129 1997 2188 beatissi-

411 2243 652 2300 musque
682 2227 1006 2285 comitatus,

315 2323 381 2373 20
492 2321 640 2380 Haec
667 2332 773 2395 est,
825 2323 1078 2400 inquam,
1110 2325 1375 2398 societas,
1406 2327 1465 2383 in
1512 2325 1627 2400 qua
1669 2322 1866 2381 omnia
1912 2323 1997 2381 in-

412 2429 565 2492 sunt,
609 2440 734 2496 quae
761 2431 965 2496 putant
1002 2423 1267 2482 homines
1308 2422 1645 2499 expetenda,
1702 2421 1993 2493 honestas,

413 2518 618 2595 gloria,
647 2519 1029 2595 tranquillitas
1062 2522 1256 2593 animi,
1289 2530 1456 2596 atque
1498 2519 1867 2595 jucunditas:
1908 2528 1994 2590 ut,

414 2633 549 2673 cum
577 2615 702 2672 haec
732 2616 941 2689 adsint,
972 2618 1142 2677 beata
1181 2619 1298 2675 vita
1344 2617 1436 2688 sit,
1467 2627 1524 2675 et
1576 2616 1703 2674 sine
1752 2616 1842 2674 his
1869 2634 1996 2672 esse

412 2731 529 2771 non
564 2714 762 2789 possit.
841 2714 1025 2776 Quod
1070 2734 1205 2773 cum
1248 2714 1530 2789 optimum
1570 2714 1999 2787 maximumque

316 2815 382 2864 25
413 2810 506 2881 sit,
549 2810 598 2867 si
638 2810 697 2867 id
726 2811 987 2870 volumus
1033 2811 1295 2889 adipisci,
1344 2812 1540 2870 virtuti
1584 2831 1762 2888 opera
1810 2809 2001 2867 danda

412 2916 500 2963 est
528 2927 543 2976 3
586 2908 712 2965 sine
740 2910 855 2983 qua
883 2928 1072 2985 neque
1103 2910 1414 2968 amicitiam
1459 2930 1646 2988 neque
1673 2910 1847 2968 ullam
1875 2924 1999 2963 rem

412 3005 793 3078 expetendam
842 3007 1120 3081 consequi
1183 3027 1527 3086 possumus:
1570 3008 1641 3065 ea
1683 3021 1818 3064 vero
1859 3019 2000 3079 neg-

412 3097 587 3171 lecta,
615 3101 714 3176 qui
762 3120 826 3159 se
874 3103 1090 3161 amicos
1132 3104 1346 3164 habere
1377 3103 1743 3175 arbitrantur,
1771 3111 1895 3159 tum
1933 3116 2000 3158 se
