2192 3550
294 302 375 362 42
876 315 1054 362 cmo
1092 312 1324 372 MAJOR,
1356 315 1481 362 ssu

468 462 616 520 Haec
642 461 796 518 enim
828 462 953 537 ipsa
979 473 1113 520 sunt
1143 463 1520 533 honorabilia,
1538 481 1665 537 quae
1690 461 1958 520 videntur

385 558 536 615 levia
575 568 743 631 atque
785 561 1135 632 communia,
1180 559 1432 630 salutari,
1479 558 1687 633 appeti,
1730 558 1955 629 decedi,

388 654 626 729 assurgi,
674 654 904 727 deduci,
949 656 1173 727 reduci,
1224 656 1483 713 consuli:
1530 674 1656 729 quae
1701 665 1758 712 et
1807 653 1957 729 apud

382 768 508 821 nos,
538 760 596 806 et
624 751 683 807 in
716 751 840 808 aliis
869 751 1216 822 civitatibuS,
1248 763 1309 808 ut
1337 770 1572 827 quaeque
1600 751 1813 827 optime
1842 770 1957 808 mo·

320 850 354 900 5
383 856 525 919 rata,
555 846 635 904 ita
662 847 1098 925 diligentissime
1122 849 1511 905 observantur.
1594 847 1955 923 Lysandrum

382 942 888 1003 Lacedaemonium
936 943 1128 1023 (cujus
1180 944 1354 1000 modo
1409 945 1760 1002 mentionem
1805 943 1951 1022 feci)

382 1038 579 1099 dicere
609 1042 767 1099 aiunt
795 1042 1041 1111 solitum,
1073 1039 1494 1097 Lacedaemone
1522 1059 1648 1097 esse
1676 1040 1956 1098 honestis-

382 1137 591 1194 simum
641 1138 997 1194 domicilium
1052 1136 1402 1193 senectutis:
1460 1156 1742 1212 nusquam
1797 1138 1954 1195 enirn

378 1240 601 1289 tantum
655 1232 923 1288 tribuitur
978 1231 1151 1302 aetati,
1207 1250 1489 1306 nusquam
1543 1242 1632 1289 est
1684 1243 1954 1290 senectus

288 1331 351 1381 10
380 1327 726 1385 honoratior.
807 1327 1149 1388 Quinetiam
1180 1327 1471 1385 memorias
1510 1329 1800 1402 proditum
1843 1338 1950 1399 est,

379 1442 510 1480 cum
542 1423 807 1495 AtheniS,
837 1420 1007 1495 ludis,
1037 1423 1271 1498 quidam
1301 1423 1360 1480 in
1402 1423 1685 1481 theatrum
1716 1424 1953 1500 grandis

377 1529 516 1576 natu
569 1519 835 1590 venisset,
879 1519 938 1575 in
993 1536 1204 1596 magno
1256 1538 1533 1577 consessu
1575 1519 1771 1577 locum
1814 1520 1869 1577 ei
1916 1538 1951 1577 a

377 1616 495 1673 suis
550 1615 769 1672 civibus
817 1635 1098 1690 nusquam
1154 1617 1384 1674 datum:
1448 1634 1583 1673 cum
1640 1626 1830 1673 autem
1877 1615 1949 1674 ad

377 1711 846 1770 Lacedaemonios
889 1712 1244 1786 accessisset,
1289 1710 1435 1789 (qui,
1478 1712 1655 1790 legati
1686 1731 1821 1770 cum
1867 1731 1952 1770 es-

286 1812 349 1863 15
380 1819 524 1880 sent,
576 1808 634 1866 in
681 1809 812 1867 loco
856 1820 1015 1867 certo
1069 1811 1479 1891 consederant)
1522 1810 1949 1869 consurrexisse

378 1923 597 1977 omnes,
627 1915 685 1962 et
712 1926 907 1963 senem
950 1907 1112 1964 illum
1153 1926 1370 1964 sessum
1411 1907 1717 1982 recepisse.
1797 1907 1949 1968 Qui-

378 2003 485 2059 bus
515 2020 645 2058 cum
679 2022 712 2059 a
739 2012 953 2059 cuncto
983 2022 1257 2061 consessu
1296 2002 1531 2078 plausus
1571 2013 1724 2060 esset
1763 2002 1951 2059 multi-

375 2095 510 2172 plex
536 2097 722 2168 datuS,
753 2097 964 2153 dixisse
993 2116 1065 2153 ex
1106 2098 1175 2153 iis
1204 2098 1527 2171 quemdam,
1558 2097 1948 2154 Athenienses

377 2192 546 2262 scire,
575 2211 700 2267 quae
727 2202 889 2247 recta
915 2201 1126 2263 essent,
1157 2191 1256 2248 sed
1286 2191 1477 2248 facere
1505 2191 1675 2248 nolle.
1759 2190 1949 2249 Multa

280 2288 345 2339 20
377 2286 438 2343 in
465 2296 666 2343 nostro
720 2286 966 2362 collegio
1019 2285 1324 2362 praeclara:
1393 2285 1496 2342 sed
1544 2287 1675 2357 hoc,
1716 2285 1790 2342 de
1832 2305 1946 2362 quo

379 2382 619 2459 agimus,
644 2381 703 2439 in
731 2381 948 2456 primis,
979 2382 1152 2456 quod,
1183 2390 1246 2439 ut
1273 2381 1511 2457 quisque
1529 2391 1695 2439 oetate
1719 2392 1948 2440 antece-

375 2478 480 2550 dit,
513 2478 593 2536 ita
631 2478 929 2536 sententias
966 2478 1356 2553 principatum
1396 2488 1589 2536 tenet:
1631 2497 1820 2554 neque
1861 2499 1947 2539 so·-

374 2575 495 2633 lum
543 2575 758 2632 honore
804 2575 1298 2646 antecedentibus,
1342 2574 1442 2632 sed
1491 2574 1563 2631 iis
1616 2575 1792 2633 etiam
1847 2576 1946 2653 qui

375 2690 509 2729 cum
538 2670 778 2746 imperio
806 2681 957 2742 sunt,
988 2671 1230 2747 majores
1257 2680 1397 2728 natu
1427 2690 1674 2748 augures
1704 2682 1939 2748 antepo-

278 2778 344 2830 25
374 2778 606 2825 nuntur.
686 2765 841 2828 Qua>
896 2777 1031 2824 sunt
1084 2767 1258 2844 igitur
1312 2768 1630 2842 voluptates
1685 2768 1943 2843 corporis

374 2883 509 2922 cum
539 2862 897 2921 auctoritatis
933 2863 1187 2938 praemiis
1230 2866 1679 2939 comparandae'l
1736 2864 1943 2940 quibus

373 2959 474 3036 qui
501 2959 800 3036 splendide
826 2959 917 3019 usi
943 2969 1098 3033 sunt,
1129 2959 1171 3018 ii
1199 2959 1341 3018 mihi
1382 2960 1646 3021 videntur
1687 2958 1941 3019 fabulam
