2192 3550
781 321 872 368 m:
911 320 1319 369 SENECTUTE.
1853 307 1931 366 41

269 486 367 529 sus
395 466 677 527 honorum
706 469 828 527 fuit.
911 469 1108 543 Atque
1129 469 1252 545 ejus
1281 478 1537 526 extrema
1564 476 1699 525 aetas
1726 466 1840 523 hoo

270 566 509 636 beatior,
539 585 710 640 quam
738 565 948 636 media,
979 564 1134 639 quod
1176 565 1534 622 auctoritatis
1573 564 1702 641 plus
1744 563 1841 620 ha-

269 660 458 733 bebat,
486 661 701 718 laboris
740 679 877 718 vero
904 660 1113 717 minus·
1197 661 1366 735 Apex
1410 671 1601 717 autem
1643 666 1842 716 sen'eo-

268 758 413 814 tutis
435 768 523 815 est
552 758 877 815 auotoritas
958 756 1202 817 Quanta
1245 757 1352 813 suit
1380 757 1440 813 in
1485 756 1550 813 L.
1597 755 1839 814 Caecilio

268 851 546 911 Metello!
608 863 820 928 quanta
863 852 923 909 in
951 852 1133 909 Atilio
1181 852 1484 909 Calatino!
1549 853 1609 909 in
1664 871 1836 928 quem
1866 867 1900 915 5

269 948 411 1006 illud
465 949 720 1025 elogium
774 947 1045 1005 unicum:
1104 947 1429 1010 “Plurimae
1472 949 1841 1005 consentiunt

267 1054 491 1119 gentes,
519 1042 730 1118 populi.
745 1042 1083 1118 primarium
1115 1043 1294 1099 fuisse
1319 1042 1561 1104 virum.''
1617 1041 1840 1099 Notum

265 1149 357 1195 est
400 1157 655 1210 carmen,
705 1139 953 1197 incisum
998 1140 1059 1197 in
1104 1139 1384 1214 sepulcro.
1484 1138 1625 1195 Jure
1667 1138 1838 1215 igitur

267 1235 476 1310 graviS,
525 1236 689 1312 cujus
732 1237 804 1293 de
859 1236 1126 1294 laudibus
1180 1236 1438 1292 omnium
1490 1245 1644 1292 esset
1687 1236 1841 1293 fama

267 1330 649 1389 consentiens,
744 1331 945 1393 Quem
986 1332 1170 1389 virum
1211 1326 1274 1391 P.
1321 1330 1613 1402 Crassum,
1656 1350 1838 1406 nuper
1870 1337 1931 1386 10

263 1427 593 1502 pontificem
622 1428 954 1499 maximum,
984 1447 1156 1503 quem
1181 1438 1385 1504 postea
1426 1426 1508 1486 M.
1552 1427 1838 1503 Lepidum

262 1523 469 1580 eodem
498 1524 822 1581 sacerdotio
847 1525 1172 1600 praeditum,
1202 1524 1448 1580 vidimus
1467 1526 1503 1581 2·
1570 1523 1735 1584 Quid
1753 1524 1838 1587 ‚de

263 1618 446 1676 Paulo
476 1630 574 1677 aut
601 1620 882 1677 Africano
910 1621 1152 1695 loquar?
1197 1630 1312 1690 aut,
1344 1630 1407 1676 ut
1429 1620 1547 1694 jam
1579 1630 1731 1690 ante,
1764 1620 1838 1676 de

264 1713 564 1774 Maximo?
623 1710 864 1791 quorum
908 1734 1027 1773 non
1076 1716 1137 1773 in
1182 1715 1468 1773 sententia
1497 1715 1703 1786 solum,
1734 1714 1837 1770 sed

262 1811 438 1868 etiam
481 1811 540 1868 in
582 1822 745 1882 nutu,
775 1811 1065 1868 residebat
1107 1811 1435 1868 auotoritas.
1520 1810 1716 1867 Habet
1754 1830 1840 1867 se-
1869 1815 1930 1865 15

263 1916 489 1978 neotus,
548 1907 827 1964 honorata
877 1906 1216 1982 praesertim,
1260 1916 1478 1964 tantam
1534 1908 1839 1966 auotorita-

263 2013 400 2075 tem‚
430 2014 494 2062 ut
520 2022 592 2062 ea
616 2003 797 2080 pluris
844 2003 936 2074 sit,
979 2023 1149 2079 quam
1189 2022 1390 2061 omnes
1433 2004 1836 2066 adolescentiae

262 2100 595 2177 voluptates.
1613 2141 1616 2144 -
1943 2121 2053 2199 Λ

340 2294 567 2354 XVIII.
652 2295 792 2367 Sed,
834 2295 892 2352 in
936 2297 1096 2354 omni
1143 2298 1421 2368 oratione,
1466 2306 1832 2368 mementote,

259 2410 389 2449 eam
441 2401 554 2449 me‘
575 2392 813 2449 laudare
855 2403 1235 2464 senectutem,
1279 2412 1405 2468 quae
1448 2393 1835 2450 fundamentis
1862 2394 1927 2444 2⁰

262 2486 666 2545 adolescentiae
710 2488 1020 2546 constituta
1061 2489 1171 2545 sit:
1214 2507 1286 2545 ex
1328 2508 1440 2564 quo
1481 2489 1538 2545 id
1567 2488 1832 2557 efficitur,
1873 2483 1876 2486 ’

262 2579 446 2657 (quod
475 2600 585 2658 ego
625 2602 836 2660 magno
876 2584 1163 2658 quondam
1204 2603 1336 2640 oum
1381 2603 1614 2641 assensu
1655 2583 1836 2640 omni·

262 2694 360 2734 um
390 2675 536 2756 dixi)
566 2680 833 2738 miseram
873 2699 1001 2737 esse
1027 2689 1405 2751 senectutem,
1435 2698 1562 2754 quae
1602 2696 1668 2735 se
1711 2696 1836 2735 ora-

260 2771 421 2829 tione
449 2771 797 2833 defenderet,
884 2774 1019 2833 Non
1050 2775 1204 2846 cani,
1236 2794 1351 2833 non
1392 2794 1569 2850 rugae,
1598 2782 1834 2849 repente

261 2866 664 2925 auctoritatem
694 2870 942 2946 arripere
968 2881 1240 2947 possunt:
1283 2871 1384 2928 sed
1426 2870 1663 2928 honeste
1705 2880 1836 2928 acta
1860 2872 1925 2923 25

259 2964 521 3041 superior
575 2974 714 3023 aetas
768 2966 989 3039 fruetus
1044 2967 1203 3045 capit
1246 2966 1604 3030 auctoritatis
1650 2977 1835 3037 extre-

259 3078 400 3120 mos·

651 3154 692 3215 4
706 3157 741 3193 ¹.
