2192 3550
268 301 352 364 98
685 310 962 371 mnus,
998 311 1149 360 srva
1187 311 1277 359 m:
1313 308 1628 360 mom

358 460 422 533 ii,
467 457 567 537 qui
624 479 688 519 se
733 470 888 518 totos
940 461 1302 527 tradiderunt
1354 460 1761 538 voluptatibus,
1816 458 1946 519 sine

360 557 618 615 amicitia
672 557 847 614 vitam
894 576 1020 615 esse
1074 558 1292 616 nullam
1340 558 1614 629 sentiunt,
1664 557 1713 614 si
1766 556 1943 614 modo

354 654 532 712 velint
562 653 753 729 aliqua
793 670 882 712 ex·
902 665 1069 731 parte
1105 655 1417 713 liberaliter
1457 654 1686 712 vivere.‘
1718 641 1721 645 ⁷
1748 654 1944 730 Serpit

354 750 533 823 enim,
581 751 782 809 nescio
827 752 1137 827 quomodo,
1166 760 1268 828 per
1312 753 1573 810 omnium
1615 751 1945 829 vitasxa‘mi-

292 854 326 904 5
356 847 525 920 citia3
570 868 684 908 nec
704 850 880 907 ullam
908 849 1105 907 aetatis-
1121 849 1398 927 degendae
1425 848 1708 907 rationem
1727 847 1945 923 patitur

352 965 481 1005 esse
507 956 799 1025 expertem
827 946 933 1006 sui.

431 1043 804 1117 Quinetiam,-
818 1044 868 1101 si
891 1043 1020 1120 quis
1046 1042 1119 1101 ea
1141 1042 1444 1124 asperitate
1465 1051 1571 1115 est,
1594 1051 1655 1101 et
1679 1039 1942 1099 immani-

352 1150 469 1208 tate
496 1151 735 1214 naturae,
765 1158 1110 1218 congressus
1148 1149 1214 1196 ut
1240 1139 1539 1197 hominum
1568 1138 1752 1215 fugiat
1771 1148 1946 1213 atque

353 1237 540 1300 oderit
579 1234 835 1316 (qualem
878 1237 1055 1296 fuisse
1096 1235 1347 1293 Athenis
1373 1234 1696 1301 -Timonem
1737 1233 1943 1293 nescio

261 1337 323 1388 10
354 1352 526 1409 quem
572 1334 969 1413 accepimus);
1012 1343 1205 1389 tamen
1248 1330 1298 1388 is
1322 1329 1444 1406 pati
1485 1348 1604 1387 non
1631 1330 1833 1404 possit,
1877 1339 1943 1387 ut

354 1450 470 1488 non
502 1432 764 1506 anquirat
808 1430 1075 1505 aliquem,
1109 1426 1259 1502 apud
1307 1443 1479 1501 quem
1522 1435 1751 1485 evomat
1783 1424 1942 1491 virus

356 1527 686 1585 acerbitatis
713 1545 847 1584 suae.
930 1524 1125 1597 Atque
1154 1522 1267 1579 hoc
1289 1522 1535 1579 maxime
1557 1521 1939 1599 judicaretur,

354 1624 403 1681 si
430 1624 567 1700 quid
588 1624 703 1681 tale
723 1631 915 1698 posset
943 1620 1303 1697 contingere,
1327 1608 1390 1677 ut
1418 1618 1624 1694 aliquis
1651 1638 1760 1676 nos
1777 1619 1940 1678 Deus

353 1706 427 1779 ex
454 1721 565 1780 hac
593 1719 893 1777 hominum
921 1716 1248 1793 frequentia
1273 1716 1520 1788 tolleret,
1549 1726 1609 1775 et
1648 1716 1707 1775 in
1742 1716 1940 1774 solitu-

261 1828 324 1877 15
357 1819 492 1877 dine
520 1817 769 1893 -uspiam
829 1815 1167 1887 collocaret,
1216 1825 1389 1890 atque
1434 1814 1514 1871 ibi
1568 1814 1939 1890 suppeditans

357 1913 615 1974 omnium
667 1922 880 1986 rerum,
944 1931 1087 1988 quas
1149 1921 1357 1969 natura
1388 1911 1717 1983 desiderat,
1764 1911 1940 1969 abun-

356 2011 614 2068 dantiam
641 2020 699 2067 et
728 2009 975 2085 copiam,
1006 2007 1258 2065 hominis
1298 2008 1541 2066 omnino
1581 2006 1937 2084 adspiciendi

353 2105 697 2186 potestatem
717 2106 981 2181 eriperet.
1062 2104 1220 2166 Quis
1246 2115 1365 2163 tam
1393 2114 1544 2162 esset
1570 2104 1808 2174 ferreus,
1839 2103 1938 2178 qui

355 2221 483 2259 eam
512 2202 686 2259 vitam
712 2201 859 2259 serre
887 2211 1102 2278 posset,
1132 2202 1342 2276 cuique
1370 2217 1485 2260 non
1515 2199 1763 2258 auferret
1790 2199 1941 2258 fruc-

257 2307 323 2357 20
355 2298 477 2357 tum
505 2299 860 2378 voluptatmn
887 2298 1149 2357 omnium
1177 2299 1466 2357 solitudo?

434 2396 655 2454 Verum
684 2414 825 2473 ergo
861 2396 1004 2453 illud
1045 2406 1152 2468 est,
1182 2394 1356 2472 quod,
1389 2413 1422 2451 a
1466 2391 1792 2450 Tarentino
1829 2394 1940 2451 Ar-

358 2493 534 2569 chyta
589 2492 683 2571 (ut
736 2493 970 2574 opinor)
1014 2493 1149 2551 dici·
1187 2492 1440 2562 solitum,
1488 2498 1717 2547 nostros
1769 2509 1938 2548 senes

356 2609 810 2649 commemorare
840 2590 1051 2664 audivi,
1084 2590 1156 2648 ab
1198 2588 1324 2647 aliis
1364 2586 1601 2644 senibus
1639 2572 1936 2645 auditum:
1998 2661 2003 2670 Ι

355 2693 394 2720 “
413 2687 485 2745 Si
533 2688 661 2763 quis
709 2687 771 2745 in
818 2688 1029 2745 coelum
1087 2684 1501 2756 adscendisset,
1555 2694 1941 2760 naturamque

258 2799 323 2849 25
354 2783 557 2842 mundi
603 2767 661 2842 et
703 2782 1196 2860 pulchritudinem
1239 2780 1490 2838 siderum
1535 2781 1936 2857 perspexisset,

355 2878 651 2937 insuavem
700 2880 856 2938 illam
913 2878 1350 2954 admirationem
1394 2878 1450 2936 ei
1491 2871 1636 2951 sore,
1676 2897 1802 2954 quae
1849 2877 1940 2953 ju-

351 2975 710 3034 cundissima
762 2977 983 3047 fuisset,
1037 2972 1155 3055 [si]
1205 2974 1454 3051 aliquem
1508 2975 1605 3035 cui
1658 2982 1936 3045 narraret,

354 3061 702 3129 habuisset.''
787 3073 891 3135 Sic
936 3081 1146 3132 natura
1197 3072 1517 3133 solitarium
1563 3071 1707 3130 nihil
1750 3078 1936 3141 amat3
