2192 3550
758 328 844 375 DE
884 327 1285 375 SENEGTUTE.
1828 318 1905 380 35

243 486 541 535 crescunt:
575 486 639 534 ut
666 477 971 535 honestum
999 476 1139 534 illud
1168 476 1402 534 Solonis
1429 476 1520 548 sit,
1550 476 1702 551 quod
1730 476 1810 535 ait

239 573 521 631 versiculo
560 574 829 649 quodam,
875 572 965 649 (ut
1008 583 1140 630 ante
1182 573 1328 653 dixi)
1380 591 1681 631 senescere
1722 591 1805 645 se,

239 669 417 727 multa
459 670 644 727 indies
686 670 1109 727 addiscentem:
1152 669 1264 744 qua
1304 670 1593 745 voluptate
1631 669 1805 728 animi

239 765 398 823 nulla
424 776 580 823 certe
605 774 792 840 potest
819 782 944 821 esse
985 766 1282 901 major]

314 957 449 1015 XV.
533 956 722 1015 Venio
763 974 919 1012 nunc
950 956 1020 1012 ad
1047 955 1367 1031 voluptates
1397 957 1799 1033 agricolarum,
1835 973 1868 1022 5

235 1053 443 1128 quibus
470 1071 580 1129 ego
609 1052 1019 1109 incredibiliter
1049 1052 1302 1110 delector
1328 1072 1340 1109 :
1382 1072 1506 1128 quae
1546 1072 1658 1111 nec
1687 1054 1805 1112 ulla

236 1147 623 1221 impediuntur
646 1158 960 1220 senectute,
983 1160 1041 1206 et
1068 1149 1210 1206 mihi
1236 1149 1305 1205 ad
1328 1149 1601 1224 sapientis
1628 1148 1801 1208 vitam

233 1242 491 1318 proxime
518 1244 778 1302 videntur
809 1246 1101 1304 accedere.
1187 1245 1423 1303 Habent
1451 1245 1604 1303 enim
1632 1247 1803 1304 ratio-

232 1357 366 1395 nem
386 1357 525 1417 'cum
554 1340 725 1411 terra,
749 1361 873 1416 quae
900 1361 1192 1417 nunquam
1222 1351 1450 1399 recusat
1478 1342 1799 1418 imperium,

231 1452 342 1491 nec
371 1454 618 1511 unquam
646 1437 771 1494 sine
793 1439 965 1495 usura
993 1439 1201 1509 reddit,
1229 1439 1382 1513 quod
1413 1440 1637 1513 accepit
1653 1460 1667 1509 3
1698 1440 1801 1497 sed
1833 1441 1894 1490 10

234 1531 373 1589 alias
428 1533 666 1604 minore,
720 1534 1054 1610 plerumque
1109 1535 1343 1610 majore,
1387 1554 1518 1592 cum
1564 1536 1797 1593 foenore.

227 1626 577 1704 Quanquam
639 1648 731 1686 me
771 1630 999 1705 quidem
1042 1649 1162 1687 non
1205 1630 1424 1686 fructus
1465 1631 1655 1702 mod0‚
1699 1631 1800 1688 sed

228 1723 405 1783 etiam
433 1723 612 1798 ipsius
651 1733 816 1781 terrae
845 1725 928 1781 vis
959 1743 1031 1784 ac
1068 1734 1293 1795 natura,
1325 1724 1609 1781 delectat:
1652 1745 1798 1801 quae,

229 1836 365 1874 cum
406 1819 626 1894 gremio
667 1818 887 1875 mollito
929 1837 997 1875 ac
1038 1819 1280 1874 subacto
1313 1836 1516 1873 semen
1545 1838 1800 1893 sparsum

227 1913 488 1989 excepit3
529 1913 775 1988 primum
816 1913 874 1970 id
903 1923 1257 1971 occaecatum
1302 1913 1533 1970 cohibet
1565 1913 1664 1988 (ex
1689 1933 1801 1990 quo
1831 1918 1892 1967 15

226 2009 477 2082 occatio,
507 2029 632 2085 quae
674 2009 786 2066 hoc
827 2010 1020 2081 efficit,
1051 2009 1348 2068 nominata
1373 2010 1523 2089 est):
1567 2011 1797 2085 deinde,

224 2107 577 2183 tepefactum
618 2126 824 2182 vapore
864 2117 923 2165 et
962 2125 1296 2182 compressu
1338 2126 1461 2179 suo,
1493 2108 1762 2167 diffundit
1779 2130 1795 2180 3

224 2214 284 2261 et
323 2204 485 2261 elicit
524 2204 960 2262 herbescentem
1001 2223 1074 2262 ex
1113 2224 1185 2263 eo
1227 2204 1605 2274 viriditatem3
1648 2225 1795 2280 quae,

225 2300 361 2358 nixa
399 2301 557 2364 fibris
597 2300 878 2375 stirpium,
909 2302 1121 2359 sensim
1166 2301 1460 2371 adolescit,
1492 2301 1797 2377 culmoque

226 2405 422 2453 erecta
461 2396 809 2473 geniculatO,
851 2398 1075 2474 vaginis
1110 2398 1227 2473 jam
1271 2398 1432 2473 quasi
1473 2400 1798 2474 pubescens
1827 2403 1891 2452 20

227 2489 572 2562 includitur3
616 2513 648 2551 e
690 2493 897 2568 quibus
939 2513 1071 2551 cum
1114 2497 1429 2568 emerserit,
1459 2497 1647 2554 fundit
1687 2496 1800 2552 fru-

228 2601 362 2659 gem
389 2585 553 2659 spici,
581 2589 782 2646 ordine
822 2599 1120 2660 structam,
1149 2600 1207 2648 et
1248 2601 1452 2649 contra
1481 2592 1668 2649 avium
1697 2590 1800 2647 mi-

228 2697 436 2736 norum
468 2699 687 2741 morsus
719 2683 1028 2766 [munitur]
1063 2686 1208 2743 vallo
1239 2687 1552 2745 aristarum.
1632 2686 1799 2748 Quid

225 2794 339 2854 ego
381 2775 583 2833 vitium
622 2790 795 2852 satuS,
825 2792 1004 2853 ortus,
1036 2783 1411 2855 incrementa,
1455 2801 1801 2840 commemo-

225 2872 390 2929 rem'l
473 2872 681 2932 Satiari
708 2876 1089 2938 delectatione
1129 2897 1248 2936 non
1287 2897 1539 2953 possum,
1567 2888 1630 2936 ut
1659 2898 1799 2937 meze
1829 2881 1894 2930 95

224 2968 543 3027 senectutis
564 2971 873 3045 requietem
895 2974 1495 3050 oblectamentumque
1522 2976 1792 3033 noscatis.

222 3063 449 3124 Omitto
477 3065 632 3125 enim
659 3066 773 3125 vim
802 3067 983 3143 ipsam
1009 3070 1267 3130 omnium
1296 3090 1422 3146 quae
1449 3080 1795 3150 generantur
