2192 3550
296 294 374 359 64
678 311 973 371 memus,
1010 312 1157 359 swa
1193 314 1280 360 na
1318 315 1630 365 Amcrru.

385 459 805 532 Quamobrem,
834 481 960 536 quae
987 463 1265 539 disputari
1305 465 1378 522 de
1416 466 1668 524 amicitia
1695 479 1952 542 possunt,

389 558 460 614 ab
496 557 598 629 eia,
629 577 859 630 censeo,
887 560 1114 634 petatiS‚
1145 561 1243 634 qui
1283 562 1392 618 ista
1429 563 1799 636 profitentur:
1843 583 1954 640 ego

385 672 482 713 vos
509 653 719 710 hortari
746 665 967 712 tantum
987 675 1242 731 possum,
1266 668 1328 714 ut
1358 659 1665 716 amicitiam
1688 660 1953 717 omnibus

388 750 559 806 rebus
589 751 852 809 humanis
894 754 1287 827 anteponatis:
1331 754 1473 810 nihil
1515 765 1602 811 est
1641 755 1794 812 enim
1834 766 1952 813 tam

322 854 356 902 5
384 855 602 903 naturae
637 857 858 922 aptum,
886 859 1004 906 tam
1042 850 1391 909 conveniens
1419 850 1490 908 ad
1517 869 1607 907 res
1634 850 1722 907 vel
1750 869 1954 908 secun-

385 942 505 1013 das,
535 943 622 1000 vel
659 944 938 1002 adversas,

463 1040 580 1097 Sed
603 1040 711 1098 hoc
730 1042 977 1116 primum
1000 1042 1202 1112 sentio,
1226 1043 1336 1099 nisi
1358 1043 1416 1099 in
1440 1043 1623 1114 bonis,
1643 1042 1952 1100 amicitiam

383 1155 509 1193 esse
531 1155 648 1194 non
668 1157 863 1212 posse:
905 1156 1091 1210 neque
1121 1138 1180 1193 id
1210 1137 1278 1193 ad
1308 1138 1495 1194 vivum
1517 1158 1737 1211 resecO,
1759 1150 1823 1197 ut
1848 1139 1950 1210 ini,

385 1232 483 1306 qui
512 1232 635 1289 haec
664 1234 928 1291 subtilius
956 1233 1259 1302 disserunt,
1291 1232 1530 1288 fortasse
1560 1254 1709 1305 vere,
1740 1236 1840 1292 sed
1884 1235 1954 1293 ad

295 1331 355 1380 10
386 1347 748 1387 communem
817 1330 1118 1386 utilitatem
1184 1345 1401 1401 parum.
1483 1327 1719 1404 Negant
1777 1330 1951 1401 enim,

383 1444 725 1500 quemquam
771 1425 951 1480 virum
1000 1424 1215 1479 bonum
1261 1441 1410 1486 esse,
1457 1423 1569 1479 nisi
1617 1424 1950 1498 sapientem.

385 1521 476 1578 Sit
512 1522 592 1578 ita
626 1539 796 1577 sane:
839 1519 938 1575 sed
967 1536 1092 1574 eam
1123 1518 1459 1592 sapientiam
1489 1519 1950 1593 interpretantur,

382 1636 561 1692 quam,
584 1616 770 1672 adhuc
799 1613 1052 1671 mortalis
1079 1632 1249 1670 nemo
1278 1623 1366 1670 est
1393 1625 1754 1673 consecutus,
1823 1615 1953 1673 Nos

385 1722 574 1770 autem
603 1730 674 1769 ea
698 1730 822 1786 quae
851 1719 982 1766 sunt
1011 1710 1070 1767 in
1100 1729 1207 1768 usu
1234 1711 1463 1787 vitaque
1492 1712 1805 1785 communi,
1834 1731 1951 1769 non

293 1814 354 1868 15
385 1829 456 1867 ea
480 1828 606 1884 quae
632 1809 922 1883 finguntur
946 1818 1042 1865 aut
1062 1818 1350 1883 optantur,
1374 1819 1632 1884 spectare
1659 1811 1949 1868 debemus,

383 1905 698 1978 Nunquam
725 1923 835 1980 ego
863 1904 1072 1977 dicam,
1104 1905 1172 1963 G.
1203 1905 1555 1979 Fabricium,
1587 1906 1668 1963 Μ’
1690 1907 1950 1977 Curium,

385 2000 479 2056 Ti.
511 1999 960 2071 Coruncanium,
991 2019 1137 2075 quos
1164 2002 1449 2076 sapientes
1490 2004 1670 2059 nostri
1709 2003 1953 2077 majores

378 2094 733 2169 judicabant,
765 2096 835 2153 ad
874 2095 1111 2154 istorum
1139 2116 1400 2154 normam
1439 2099 1611 2154 fuisse
1645 2097 1947 2171 sapientes,

381 2189 583 2249 Quare
621 2191 729 2248 sibi
772 2192 1019 2250 habeant
1046 2193 1339 2266 sapientias
1368 2212 1599 2263 nomen,
1630 2202 1685 2248 et
1714 2192 1953 2247 invidio-

286 2298 351 2347 20
384 2304 508 2342 sum
537 2296 594 2343 et
621 2288 963 2356 obscurum3
1009 2288 1466 2361 concedantque,
1496 2298 1559 2344 ut
1594 2288 1652 2343 hi
1682 2287 1818 2343 boni
1847 2287 1952 2344 viri

385 2382 610 2440 fuerint.
693 2383 789 2441 Ne
830 2384 889 2441 id
928 2384 1156 2459 quidem
1202 2384 1457 2440 facient:
1515 2384 1828 2459 negabunt,
1871 2384 1949 2457 id,

382 2480 491 2537 nisi
523 2480 784 2555 sapienti,
813 2500 982 2555 posse
1010 2481 1272 2539 concedi.

462 2577 722 2653 Agamus
745 2578 916 2654 igitur
942 2578 1145 2654 pingui
1174 2576 1456 2648 Minerva,
1479 2586 1542 2633 ut
1571 2577 1744 2634 aiunt.
1825 2577 1952 2639 Qui

383 2673 464 2734 ita
491 2692 552 2730 se
580 2684 804 2750 gerunt,
836 2674 917 2731 ita
941 2674 1156 2745 vivunt,
1179 2683 1243 2730 ut
1268 2691 1465 2730 eorum
1490 2674 1762 2748 probetur
1785 2674 1949 2745 fides,

289 2780 352 2829 25
384 2771 700 2846 integritaS,
732 2770 985 2844 aequitas,
1014 2770 1345 2840 liberalitaS,
1367 2789 1477 2826 nec
1506 2770 1579 2827 sit
1610 2771 1665 2826 in
1696 2770 1808 2826 illis
1836 2769 1950 2826 ulla

384 2867 687 2941 cupiditas„
716 2866 1031 2937 vel.libido,
1061 2867 1148 2923 vel
1187 2866 1444 2937 audacia,
1474 2867 1700 2941 sintque
1743 2864 1949 2939 magna

382 2962 727 3041 constantia,
763 2971 826 3019 ut
865 2962 906 3019 ii
949 2962 1199 3034 fuerunt,
1238 2962 1412 3020 modo
1449 2982 1589 3038 quos
1624 2958 1945 3032 nominavi3

380 3057 486 3115 hos
512 3058 664 3116 viros
699 3059 903 3130 bonos,
930 3068 996 3117 ut
1021 3059 1205 3117 habiti
1246 3070 1398 3133 sunt,
1427 3060 1514 3117 sic
1549 3058 1721 3119 etiam
1762 3054 1950 3131 appel-
