2192 3550
576 319 850 381 LAELmS,
887 318 1035 368 srvi:
1075 311 1163 365 m:
1200 315 1512 365 morra.
1556 291 1559 294 ’
1834 278 1914 365 65

258 467 460 526 landos
483 480 775 545 putemus;
818 470 954 545 quia
979 477 1288 543 sequantur
1318 463 1825 544 (quantumhomi-

255 583 361 622 nes
412 569 677 645 possunt)
722 560 1016 636 naturam,
1071 565 1341 639 optimam
1396 564 1543 620 bene
1597 560 1824 619 vivendi

257 661 481 719 ducem.
566 663 667 720 Sic,
714 663 868 719 enim
915 660 1055 717 mihi
1107 659 1433 736 perspicere
1481 659 1697 729 videor,
1745 657 1828 715 ita

198 834 207 839 α
253 768 422 815 natos
468 777 594 815 esse
640 776 765 828 noe,
814 767 878 814 ut
923 756 1083 813 inter*
1126 774 1325 813 omnes
1377 768 1528 812 esset
1580 754 1828 811 societas

254 854 549 928 quaedam:
619 854 798 929 major
868 862 1077 924 autem,
1134 862 1199 909 ut
1264 852 1504 926 quisque
1566 851 1826 925 proxime
1854 859 1889 908 5

257 950 597 1006 accederet:
641 949 834 1023 itaque
876 948 1032 1005 cives
1072 948 1325 1024 potiores
1367 965 1535 1021 quam
1577 944 1828 1021 peregri-

253 1045 350 1115 ni3
407 1055 465 1101 et
509 1045 828 1120 propinqui,
873 1054 1042 1119 quam
1093 1043 1298 1102 alieni:
1358 1061 1491 1099 oum
1537 1041 1626 1098 his
1673 1042 1828 1098 enim

256 1141 571 1198 amicitiam
602 1149 807 1199 natura
832 1142 958 1216 ipsa
979 1140 1217 1217 peperit.
1280 1138 1420 1217 Sed
1448 1157 1519 1196 ea
1544 1156 1661 1195 non
1690 1136 1828 1209 satis

257 1235 429 1293 habet
474 1237 786 1296 firmitatis:
810 1318 816 1325 .
844 1255 1091 1318 namque
1139 1238 1251 1294 hoo
1296 1245 1528 1312 praestat
1576 1233 1831 1292 amicitia

253 1333 684 1408 propinquitati,
707 1333 856 1408 quod
884 1353 956 1392 ex
980 1332 1401 1413 propinquitate
1429 1330 1920 1397 benevolentiam)

253 1429 377 1485 tolli
405 1441 610 1505 potest,
633 1449 706 1486 ex
734 1430 988 1488 amicitia
1016 1446 1134 1487 non
1158 1439 1377 1505 potest:
1421 1428 1644 1486 sublata
1673 1427 1827 1484 enim

255 1525 676 1598 benevolentia,
708 1527 973 1584 amicitiae
992 1528 1212 1583 'nornen
1227 1526 1479 1596 tollitur,
1500 1523 1830 1599 propinqui-

255 1621 389 1677 tatis
416 1632 625 1679 manet.
706 1622 948 1683 Quanta
977 1631 1167 1678 autem
1203 1621 1289 1677 vis
1332 1620 1597 1677 amicitiae
1635 1620 1727 1689 sit,
1757 1637 1830 1675 ex

256 1716 369 1773 hoo
418 1716 662 1793 intelligi
715 1718 960 1773 maxime
1006 1726 1213 1792 potest,
1263 1715 1435 1790 quod,
1486 1733 1557 1770 ex
1605 1714 1829 1771 infinita⁴

256 1812 537 1868 societate
570 1813 798 1888 generis
835 1812 1090 1883 humani,
1122 1830 1291 1886 quam
1334 1810 1666 1867 conciliavit
1706 1810 1831 1884 ipsa
1853 1821 1921 1869 15
1981 1791 1990 1800 j

256 1917 480 1978 natura,
521 1907 602 1965 ita
637 1916 937 1964 contracta
974 1925 1066 1962 res
1108 1916 1212 1977 est,
1246 1916 1305 1962 et
1343 1906 1592 1974 adducta
1631 1905 1691 1962 in
1716 1925 1831 1963 ·an-

257 2014 506 2081 gustum,
533 2013 593 2059 ut
619 2003 806 2061 omnis
835 2002 1043 2060 caritas
1073 2013 1178 2060 aut'
1198 2003 1345 2059 inter
1368 2003 1531 2075 duoS,
1557 2014 1653 2061 aut
1680 2003 1829 2060 inter

254 2117 492 2176 paucos,
516 2100 869 2176 jungeretur.

332 2293 434 2352 VI.
519 2294 625 2351 Est
694 2304 882 2352 autem
951 2294 1208 2353 amicitia
1272 2294 1415 2353 nihil
1485 2294 1659 2366 aliud,
1685 2293 1827 2351 ‘nisi

255 2391 513 2447 omnium
549 2391 872 2448 divinarum
916 2390 1407 2466 humanarumque
1443 2410 1654 2462 rerum,
1694 2410 1824 2448 cum
1855 2398 1919 2447 20

256 2486 656 2544 benevolentia
692 2496 750 2543 et
784 2488 1044 2558 caritate,
1074 2506 1298 2544 summa
1325 2482 1669 2544 consensio:
1715 2486 1829 2560 qua

256 2581 485 2655 quidem
527 2582 680 2639 haud
720 2584 864 2654 seio,
901 2602 992 2654 an,
1031 2583 1273 2658 excepta
1320 2583 1621 2658 sapientia,
1668 2582 1829 2656 quid-

255 2694 425 2751 quam
480 2678 681 2734 melius
736 2679 955 2737 homini
1010 2679 1084 2735 sit
1141 2689 1174 2736 a
1225 2678 1357 2735 Diis
1412 2678 1827 2735 immortalibus

174 2845 179 2849 .
257 2773 469 2829 datum.
577 2772 822 2831 Divitias
884 2775 981 2832 alii
1040 2784 1399 2850 praeponunt,
1455 2775 1666 2831 bonam
1730 2773 1825 2831 alii

255 2868 661 2939 valetudinem,
707 2870 802 2927 alii
844 2872 1180 2946 potentiam,
1221 2870 1317 2927 alii
1353 2870 1621 2941 honore8‚
1660 2869 1825 2930 multi
1853 2886 1918 2935 25

253 2965 428 3023 etiam
457 2965 784 3040 voluptates
869 2966 1198 3025 Bellum-um
1233 2967 1345 3023 hoo
1373 2966 1602 3041 quidem
1644 2978 1825 3024 extre-

253 3078 411 3120 mum
432 3070 547 3119 est:
590 3060 690 3119 illa
712 3071 903 3121 autem
922 3063 1236 3140 superiora,
1259 3063 1483 3122 caduca
1502 3073 1561 3123 et
1580 3063 1821 3135 incerta,

643 3157 684 3215 6
704 3156 740 3192 ᾗ
