2192 3550
696 318 810 364 -ns
850 317 1253 365 sannorum.
1790 303 1867 363 21

205 483 387 542 ,senes
426 463 803 539 delectantur,
830 465 1123 540 leviorque
1161 464 1225 522 fit
1262 480 1463 522 eorum
1491 470 1778 534 senectus,

221 563 318 638 qui
346 582 380 620 a
412 562 710 639 juventute
738 562 1004 619 coluntur
1043 572 1103 618 et
1129 561 1477 638 diliguntur;
1519 558 1606 617 sic
1648 559 1780 617 ado-

220 658 501 716 lescentes
540 677 741 716 senum
779 657 1078 733 praeceptis
1125 657 1396 735 gaudent,
1445 655 1653 732 quibus
1708 656 1779 712 ad

218 755 488 812 virtutum
527 755 718 813 studia
755 753 1074 811 ducuntur:
1137 772 1249 811 nec
1287 753 1479 810 minus
1518 752 1778 829 intelligo

218 870 310 909 me
350 852 530 923 vobis,
572 869 742 926 quam
781 868 883 907 vos
921 849 1062 908 mihi
1101 868 1227 907 esse
1272 849 1576 925 jucundos.
1659 847 1777 906 Sed
1805 864 1839 912 5

217 947 442 1019 videtis,
491 957 553 1005 ut
595 955 863 1004 senectus
905 964 1025 1004 non
1067 946 1242 1003 modo
1283 945 1557 1023 languida
1609 955 1777 1020 atque

217 1043 370 1101 iners
396 1062 514 1101 non
541 1042 634 1114 sit,
655 1060 851 1100 verum
877 1042 1049 1103 etiam
1076 1042 1152 1100 sit
1180 1059 1439 1117 operosa,
1469 1050 1527 1098 et
1554 1060 1777 1117 semper

217 1158 394 1216 agens
441 1138 653 1213 aliquid
707 1148 765 1196 et
815 1139 1091 1210 moliens3
1154 1138 1268 1196 tale
1315 1137 1560 1211 scilicet,
1610 1137 1777 1212 quale

215 1235 490 1312 cujusque
529 1235 779 1294 studium
819 1235 880 1294 in
920 1235 1214 1312 superiore
1240 1234 1358 1292 vita
1385 1234 1508 1294 fuit.
1588 1233 1774 1307 Quid,

212 1331 367 1406 quod
407 1332 580 1389 etiam
620 1332 923 1390 addiscunt
964 1332 1219 1407 aliquid'l
1260 1340 1324 1390 ut
1353 1331 1628 1389 Solonem
1655 1350 1777 1388 ver·
1805 1335 1867 1386 10

213 1427 369 1486 sibus
396 1428 734 1506 gloriantem
756 1429 1031 1501 videmus,
1054 1429 1153 1504 qui
1181 1447 1263 1501 se,
1286 1428 1542 1503 quotidie
1564 1427 1776 1503 aliquid

215 1524 625 1597 addiscentem,
667 1544 863 1584 senem
904 1525 1028 1583 fieri
1057 1525 1231 1582 dicit:
1274 1533 1339 1582 ut
1364 1542 1475 1601 ego
1516 1524 1647 1597 feci,
1678 1523 1777 1599 qui

211 1620 445 1678 Graecas
490 1621 685 1679 literas
731 1639 908 1678 senex
952 1621 1162 1691 didici3
1225 1638 1366 1694 quas
1413 1620 1644 1695 quidem
1690 1620 1778 1677 sic

214 1715 378 1773 avide
447 1716 676 1792 arripui,
732 1717 894 1791 quasi
948 1716 1276 1774 diuturnam
1341 1715 1495 1792 sitim
1548 1715 1777 1792 explere

215 1810 474 1885 cupiens,
502 1820 565 1867 ut
604 1830 675 1868 ea
713 1811 836 1885 ipsa
874 1810 1016 1866 mihi
1052 1819 1189 1868 nota
1215 1819 1423 1881 essent,
1453 1809 1658 1885 quibus
1684 1829 1776 1868 me
1806 1826 1870 1875 15

215 1925 372 1964 nunc
412 1906 685 1981 exemplis
723 1906 808 1963 uti
847 1905 1069 1964 videtis,
1174 1904 1357 1967 Quod
1397 1924 1530 1964 cum
1571 1906 1777 1965 fecisse

214 2002 516 2059 Socratem
555 2002 615 2059 in
642 2001 849 2060 fidibus
878 2002 1153 2075 audirem,
1182 2001 1385 2060 vellem
1412 2002 1679 2078 equidem
1718 2014 1777 2062 et

212 2098 355 2158 illud
405 2095 732 2175 (discebant
778 2099 934 2157 enim
979 2099 1188 2159 fidibus
1236 2100 1517 2181 antiqui):
1569 2101 1672 2158 sed
1714 2100 1777 2159 in

210 2195 394 2254 literis
421 2205 576 2254 certe
604 2194 909 2254 elaboravi.

290 2387 396 2445 IX.
479 2386 576 2444 Ne
616 2407 772 2446 nunc
814 2388 1042 2464 quidem
1069 2389 1219 2445 vires
1259 2388 1523 2447 desidero
1561 2388 1778 2446 adoles-
1805 2390 1870 2439 20

209 2483 417 2554 centis,
443 2482 520 2561 (is
547 2485 700 2542 enim
728 2494 850 2542 erat
875 2485 1040 2542 locus
1068 2486 1210 2542 alter
1237 2486 1309 2542 de
1336 2486 1489 2543 vitiis
1517 2494 1779 2542 senectu-

210 2580 314 2658 tis)
357 2597 474 2635 non
512 2581 657 2655 plus,
701 2600 890 2656 quam,
935 2582 1289 2653 adolescenS,
1328 2582 1481 2639 tauri
1529 2590 1627 2638 aut
1666 2580 1779 2637 ele-

210 2674 412 2751 phanti
454 2674 862 2735 desiderabam.
961 2677 1144 2739 Quod
1184 2687 1290 2749 est,
1333 2695 1404 2734 eo
1444 2677 1617 2734 decet
1655 2675 1776 2747 uti;

135 2767 139 2772 ’
211 2780 291 2843 et,
316 2770 591 2845 quidquid
621 2792 774 2849 agas,
806 2793 974 2850 agere
1000 2792 1105 2849 pro
1133 2774 1361 2831 viribuS.
1442 2772 1595 2834 Quae
1623 2772 1778 2830 enim

213 2886 326 2925 vox
350 2876 539 2942 potest
564 2886 690 2926 esse
717 2871 1117 2945 contemptior,
1147 2889 1317 2946 quam
1357 2868 1597 2927 Milonis
1637 2868 1779 2927 Cro-
1806 2877 1871 2929 25

213 2964 486 3022 toniatael
527 2963 644 3039 qui,
673 2984 805 3024 cum
840 2966 959 3043 jam
998 2986 1177 3024 senex
1215 2976 1385 3038 esset,
1429 2964 1780 3042 athletasque

215 3079 280 3118 se
331 3061 392 3120 in
442 3060 735 3121 curriculo
783 3072 1120 3121 exercentes
1163 3063 1401 3135 videret,
1456 3063 1781 3138 adspexisse
