2192 3550
290 263 374 325 ⁷⁶
702 283 971 340 LAELms,
1007 282 1155 328 snm
1194 280 1279 326 ns
1318 279 1627 326 Amcrm.

384 445 541 489 arem
570 428 742 485 fuisse
765 428 877 505 (sic
918 447 951 486 a
991 427 1248 503 patribus
1293 427 1666 507 accepimus),
1703 427 1793 485 bis
1819 427 1946 487 uni

384 525 665 595 consules,
693 534 750 580 et
776 524 1024 599 collegas
1052 523 1111 579 in
1140 524 1416 582 censuri:
1457 534 1578 581 tum
1605 534 1663 580 et
1684 542 1816 581 cum
1844 524 1941 597 iis,

382 628 440 676 et
462 619 607 676 inter
633 638 714 690 se,
757 619 1256 694 conjunctissimos
1283 620 1457 677 fuisse
1484 618 1566 676 Μ’
1598 620 1840 677 Curium
1878 630 1943 678 et

381 713 479 771 Ti.
508 714 957 786 Coruncanium,
999 717 1289 774 memoriae
1326 717 1610 792 proditum
1640 727 1741 774 est.
1823 715 1943 792 Igi-

318 816 354 866 5
380 818 470 866 tur
516 828 593 867 ne
634 810 909 886 mspicari
951 812 1180 887 quidem
1231 830 1548 888 possumuS,
1596 830 1940 888 quemquam

380 904 585 964 horum
639 908 709 964 ab
765 906 950 965 amico
1001 908 1293 985 quidpiam
1345 909 1727 980 contendisse,
1779 908 1936 983 quod

380 1012 584 1061 contra
617 1001 807 1073 fidem,
849 1015 1051 1061 contra
1089 1004 1505 1080 jusjurandum,
1553 1014 1754 1061 contra
1790 1020 1939 1060 rem-

379 1098 669 1175 publicam
714 1108 881 1156 esset.
962 1100 1119 1157 Nam
1167 1100 1280 1157 hoc
1331 1101 1561 1173 quidem
1615 1100 1673 1156 in
1725 1099 1939 1157 talibus

378 1194 513 1251 viris
549 1193 685 1267 quid
720 1195 926 1253 attinet
960 1196 1175 1266 dicere,
1219 1201 1256 1228 “
1276 1195 1341 1252 Si
1369 1195 1775 1266 contendisset,
1815 1195 1940 1253 scio

288 1296 351 1349 10
378 1288 805 1364 impetraturum
844 1309 962 1348 non
1003 1291 1178 1348 fuisse
1198 1293 1221 1348 Ἰ
1239 1293 1273 1318 ”
1318 1306 1450 1347 cum
1477 1288 1561 1346 iIIi
1588 1290 1936 1349 sanctissimi

375 1384 480 1442 viri
508 1384 753 1457 fuerint3
796 1405 955 1462 aeque
984 1395 1171 1444 autem
1199 1385 1359 1442 nefas
1380 1386 1471 1457 sit,
1500 1385 1613 1441 tale
1636 1385 1847 1461 aliquid
1873 1394 1936 1443 et

376 1479 563 1538 facere
604 1492 887 1559 rogatum,
924 1493 982 1540 et
1020 1498 1239 1559 rogare.
1328 1481 1408 1539 At
1450 1498 1584 1538 vero
1618 1480 1715 1538 Ti.
1753 1482 1934 1539 Grac-

374 1576 547 1634 chum
582 1580 964 1654 sequebantur
992 1578 1060 1636 C.
1092 1578 1304 1650 Carbo„
1343 1578 1411 1636 C.
1441 1578 1610 1650 Cato,
1651 1588 1709 1636 et
1741 1575 1933 1655 [mini-

373 1673 524 1753 mus]
556 1683 677 1732 tum
703 1676 934 1752 quidem
960 1675 1139 1733 Caius
1165 1675 1357 1748 frater,
1397 1694 1555 1733 nunc
1596 1675 1749 1733 idem
1775 1694 1931 1732 acer-

283 1775 345 1825 15
371 1767 564 1830 rimus.

449 1961 588 2021 XII.
671 1964 817 2023 Haec
845 1965 1017 2041 igitur
1044 1966 1137 2022 lex
1164 1966 1224 2023 in
1256 1966 1508 2024 amicitia
1530 1966 1835 2034 sanciatur,
1866 1972 1927 2020 ut

371 2075 558 2132 neque
585 2078 848 2135 rogemus
875 2078 965 2115 res
995 2069 1208 2134 turpeS‚
1254 2080 1365 2118 nec
1408 2061 1684 2118 faciamus
1723 2056 1924 2132 rogati.

371 2152 589 2230 Turpis
615 2154 770 2211 enim
796 2156 1088 2211 excusatio
1118 2166 1221 2226 est,
1246 2167 1303 2213 et
1319 2157 1551 2213 minime
1572 2151 1923 2227 accipienda,

374 2268 508 2307 cum
537 2249 596 2307 in
623 2251 844 2307 caeteris
868 2252 1143 2326 peccatis-‚
1182 2262 1300 2309 tum
1330 2252 1377 2308 si
1406 2250 1531 2325 quis
1558 2258 1760 2304 contra
1782 2264 1927 2302 rem-

280 2355 345 2406 20
371 2346 657 2421 publicam
702 2365 765 2403 se
808 2347 978 2404 amici
1019 2349 1193 2405 causa
1222 2348 1426 2405 fecisse
1453 2344 1709 2401 fateatur.
1791 2341 1926 2399 Ete-

372 2440 493 2500 nim
519 2459 590 2497 eo
616 2441 765 2513 1000,
808 2442 994 2500 Fanni
1015 2455 1073 2500 et
1103 2443 1378 2511 Scaevola,
1419 2438 1591 2496 locati
1620 2425 1833 2510 sumna,
1862 2449 1925 2497 ut
2015 2449 2022 2453 “

372 2553 480 2593 nos
502 2537 677 2613 ¹longe
702 2538 1030 2614 prospicere
1070 2548 1329 2613 oporteat
1370 2535 1585 2591 futuros
1626 2553 1794 2591 casus
1817 2534 1926 2592 rei-

369 2632 629 2706 publicae.
734 2633 983 2690 Deflexit
1025 2633 1177 2689 enim
1234 2631 1350 2705 jam
1397 2629 1807 2704 aliquantulum
1853 2630 1923 2686 de

370 2728 554 2802 spatio
602 2728 1002 2803 curriculoque
1045 2724 1396 2785 consuetudo
1450 2726 1743 2801 majorum.
1825 2726 1919 2782 Ti.

281 2822 346 2873 25
371 2820 668 2880 Gracchus
685 2841 923 2901 regnum
940 2840 1223 2897 occupare
1241 2832 1480 2878 conatus
1500 2831 1604 2891 est,
1622 2821 1709 2879 vel
1727 2839 1921 2897 regna-

371 2915 452 2972 vit
478 2916 527 2972 is
552 2918 776 2991 quidem
804 2936 1019 2993 paucos
1058 2936 1299 2975 menses.
1380 2917 1537 2976 Num
1569 2917 1704 2994 quid
1740 2914 1919 2973 simile

368 3009 610 3088 populus
651 3012 948 3071 Romanus
976 3013 1250 3087 audierat,
1295 3025 1393 3073 aut
1416 3015 1671 3073 viderat?
1727 3010 1917 3081 Hunc,
