2192 3550
756 148 770 175 Ι

598 318 875 379 namne,
908 318 1060 367 snm
1095 318 1185 367 nn
1223 317 1537 367 mortu.
1859 306 1943 367 85
1972 336 1978 349 ›

273 466 434 540 fluat,
464 478 562 527 aut
598 487 674 527 ne
710 469 843 546 plus
884 487 1047 545 aequo
1086 468 1225 544 quid
1264 468 1326 527 in
1370 466 1682 527 amicitiam
1713 483 1852 527 con·

269 574 520 641 geratur.

351 660 592 719 Tertius
630 679 768 719 vero
811 661 910 719 ille
951 660 1084 721 finis
1124 661 1486 733 deterrimae,
1524 670 1621 731 ut,¹
1649 657 1847 734 quanti

267 756 516 833 <piisque
540 776 603 815 se
630 758 753 833 ipse
782 757 976 830 faciat,
998 757 1145 816 tanti
1172 758 1270 816 fiat
1300 759 1371 816 ab
1394 758 1609 816 amicis.
1679 757 1848 832 Saepe

261 854 426 911 enim
456 854 516 912 in
545 853 885 929 quibusdam
915 864 1013 911 aut
1042 854 1265 912 animus
1292 854 1582 930 abjectior
1614 863 1720 925 est,
1751 861 1848 910 aut
1874 856 1910 906 5

267 967 401 1026 spes
424 949 837 1025 amplificanda
860 949 1104 1008 fortunae
1125 950 1378 1008 fractior.
1462 949 1522 1005 N
1525 967 1602 1006 on
1629 958 1719 1007 est
1745 948 1849 1026 igi-

269 1055 363 1103 tur
407 1044 600 1116 amici,
629 1046 803 1103 talem
845 1064 972 1104 esse
1018 1046 1079 1104 in
1127 1065 1280 1116 eum,
1323 1045 1508 1120 qualis
1548 1044 1645 1103 ille
1686 1044 1746 1102 in
1786 1063 1850 1102 se

269 1150 393 1211 θεῖς
438 1141 540 1197 sed
567 1142 755 1217 potius
782 1141 946 1215 eniti,
975 1153 1034 1200 et
1062 1144 1314 1214 efficere,
1342 1152 1408 1200 ut
1450 1141 1622 1200 amici
1654 1141 1850 1217 jacen-

270 1245 388 1293 tem
418 1237 667 1295 animum
696 1239 929 1311 excitet,
972 1239 1322 1314 inducatque
1351 1257 1510 1314 spem
1551 1237 1850 1315 cogitatio-

267 1348 516 1408 nemque
541 1335 854 1393 meliorem.
1877 1337 1939 1388 1⁰

343 1429 515 1488 Alius
555 1430 730 1508 igitur
769 1432 902 1489 finis
928 1450 1076 1490 verae
1115 1433 1385 1491 amicitiae
1412 1431 1849 1490 constituendus

249 1535 373 1597 -est,
414 1527 464 1584 si
502 1528 680 1602 priua,
722 1528 861 1602 quid
902 1530 1149 1586 maxime
1189 1529 1606 1605 reprehendere
1648 1527 1848 1603 Scipio

265 1621 470 1679 solitus
491 1622 583 1693 sit,
602 1623 850 1681 edixero.
932 1624 1204 1700 Negabat
1230 1625 1406 1681 ullam
1434 1641 1634 1680 vocem
1663 1622 1849 1679 inimi-

251 1715 483 1775 ·ciorem
513 1718 778 1780 amicitiae
806 1719 1061 1794 potuisse
1089 1719 1348 1794 reperiri,
1379 1736 1549 1793 quam
1577 1718 1719 1793 eiua,
1750 1716 1847 1793 qui

269 1811 526 1883 dixisset,
557 1812 639 1869 ita
666 1832 858 1871 amare
885 1824 1167 1889 oportere,
1197 1824 1260 1871 ut
1286 1815 1334 1872 si
1364 1814 1670 1888 aliquando
1696 1824 1847 1871 esset
1876 1822 1938 1870 15

270 1925 475 1965 esurus
499 1926 512 1963 ε
555 1926 668 1965 nec
694 1926 830 1965 vero
857 1928 919 1965 se
950 1910 1159 1967 adduci
1185 1928 1371 1985 posse,
1395 1919 1458 1966 ut
1484 1910 1598 1968 hoc
1622 1908 1846 1986 (quem-

270 2002 580 2060 admodum
620 2005 943 2081 putaretur)
988 2025 1021 2062 a
1060 2004 1269 2063 Biante
1309 2023 1435 2062 esse
1477 2004 1695 2063 dictum
1724 2024 1847 2064 cre-

268 2098 448 2172 deret,
476 2099 576 2175 qui
617 2100 846 2176 sapiens
884 2101 1118 2159 habitus
1158 2112 1308 2159 esset
1346 2121 1494 2159 unus
1524 2120 1558 2158 e
1590 2111 1842 2177 septem3

265 2197 367 2254 aed
407 2196 619 2273 impuri
660 2196 980 2272 cujusdam,
1019 2207 1124 2256 aut
1165 2198 1473 2270 ambitiosi,
1513 2209 1609 2256 aut
1649 2198 1847 2256 omnia

266 2294 338 2351 ad
378 2312 541 2351 suam
580 2292 901 2370 potentiam
940 2294 1285 2365 revocanti8‚
1314 2313 1440 2352 esse
1481 2295 1841 2353 sententiam.
1870 2309 1934 2360 20

263 2390 539 2451 Quonam
568 2390 724 2448 enim
752 2390 927 2448 modo
953 2390 1258 2465 quisquam
1287 2391 1506 2449 amicus
1534 2410 1660 2448 esse
1686 2399 1846 2465 pote-

265 2485 360 2555 rit,
390 2486 487 2560 qui
515 2505 577 2543 se
602 2487 826 2562 putabit
855 2486 1155 2545 inimicum
1183 2505 1310 2544 esse
1340 2488 1552 2562 posse?
1618 2485 1845 2548 Quine-

266 2580 404 2638 tiam
461 2600 698 2640 necesse
744 2584 853 2640 erit
894 2601 1107 2657 cupere
1159 2592 1217 2638 et
1273 2592 1489 2657 optare,
1542 2590 1608 2638 ut
1672 2600 1844 2655 quam

266 2675 578 2750 saepissime
629 2689 834 2753 peccet
888 2679 1127 2748 amicus,
1178 2696 1294 2753 quo
1343 2677 1535 2752 plures
1583 2677 1681 2734 det
1732 2676 1842 2733 sibi

265 2780 538 2844 tanquam
568 2790 733 2829 ansas
762 2773 833 2830 ad
861 2773 1398 2848 reprehendendum
1423 2792 1436 2830 :
1479 2791 1704 2830 rursum
1748 2792 1843 2830 au·
1868 2789 1934 2840 25

266 2876 383 2923 tem
410 2875 568 2923 recte
596 2865 763 2925 sactis
790 2869 1220 2944 commodisque
1249 2869 1566 2927 amicorum
1605 2887 1844 2926 necesse

267 2962 378 3020 erit
408 2961 563 3038 angi,
594 2961 812 3035 dolere,
838 2964 1111 3022 invidere.

341 3058 547 3122 Quare
586 3058 697 3119 hoc
736 3059 967 3135 quidem
1006 3071 1354 3138 praeceptum
1398 3060 1841 3140 (cujuscumque
