2192 3550
603 319 880 379 LAELmS,
919 317 1068 366 sivi:
1109 315 1198 362 nn
1240 314 1552 362 AmomA.
1866 301 1954 363 »87
2038 305 2046 381 ζ

218 498 222 507 ‹
292 477 352 526 et
391 466 450 525 in
490 466 603 526 illis
642 467 874 544 quidem
911 464 1184 542 parandis
1225 463 1498 521 adhibere
1538 479 1756 534 euram,
1796 460 1859 519 in

294 551 494 621 amieis
546 563 827 643 eligendis
879 562 1240 638 negligentes
1260 572 1404 617 'esse
1427 579 1449 617 ι·
1496 578 1608 616 nee
1647 558 1858 628 habere

288 659 451 735 quasi
490 660 657 737 signa
696 658 954 734 quaedam
982 667 1042 715 et
1069 666 1251 729 notae,
1279 657 1485 732 quibus
1511 674 1630 728 eos,
1660 654 1758 730 qui
1787 655 1858 712 ad

289 755 601 813 amicitiam
628 765 819 813 essent
846 753 1059 826 idonei,
1082 752 1426 829 judicarent.
1508 751 1657 809 Sunt
1684 751 1858 830 igitur

286 850 457 923 firmi,
499 859 557 909 et
597 851 849 923 stabiles,
892 860 951 907 et
992 859 1324 907 constantes
1363 848 1648 924 eligendi3
1693 847 1858 925 cujus
1888 854 1921 904 5

287 947 517 1025 generis
559 957 646 1004 est
688 965 898 1023 magna
920 945 1195 1022 penuria:
1238 954 1296 1002 et
1334 943 1594 1020 judicare
1625 943 1857 1001 difficile

287 1052 375 1101 est
402 1061 560 1114 sane,
587 1042 701 1100 nisi
741 1053 1034 1121 expertum
1059 1062 1072 1098 ε
1114 1040 1524 1117 experiendum
1554 1049 1742 1098 autem
1771 1050 1858 1109 est

287 1138 349 1195 in
378 1138 501 1214 ipsa
523 1139 790 1196 amicitia.
858 1138 955 1197 Ita
966 1137 1265 1214 praeourrit
1287 1136 1541 1196 amicitia
1553 1135 1855 1213 judicium,

286 1234 541 1310 tollitque
567 1236 898 1311 experiendi
926 1245 1287 1312 potestatem.

364 1329 473 1388 Est
501 1330 673 1410 igitur
709 1332 1026 1408 prudentiS,
1064 1330 1369 1405 sustinere,
1398 1339 1462 1390 ut
1488 1349 1740 1403 currum,
1770 1329 1856 1388 sie
1887 1335 1949 1386 10

282 1425 558 1503 impetum
598 1429 1044 1500 benevolentiae3
1087 1448 1202 1504 quo
1231 1439 1478 1494 utamur,
1508 1428 1669 1504 quasi
1696 1428 1859 1504 equis

282 1524 541 1596 tentatie,
580 1525 673 1602 sio
717 1525 1006 1597 amicitiis,
1058 1525 1251 1600 aliqua
1304 1535 1466 1600 parte
1518 1523 1859 1601 periclitatis

280 1619 538 1678 moribus
580 1621 911 1679 amicorum.
992 1619 1253 1682 Quidam
1297 1608 1446 1695 saepe
1476 1621 1535 1678 in
1561 1621 1736 1695 parva
1761 1638 1858 1695 pe-

283 1714 459 1771 cunia
496 1715 941 1791 perspiciuntur,
984 1733 1154 1790 quam
1197 1715 1312 1771 sint
1348 1715 1538 1771 leves:
1600 1715 1852 1790 quidam,

283 1827 427 1885 quos
464 1829 640 1886 parva
677 1827 908 1867 movere
947 1829 1070 1879 non,
1106 1810 1311 1886 potuit,
1343 1820 1767 1886 cognoscuntur
1795 1810 1855 1867 in
1886 1823 1948 1870 15

280 1905 510 1982 magna,
593 1905 699 1962 Sin
726 1924 861 1962 vero
897 1915 1066 1970 erunt
1094 1905 1271 1980 aliqui
1297 1905 1530 1981 reperti,
1560 1906 1657 1981 qui
1683 1925 1856 1982 pecu-

277 2000 435 2059 niam
478 2001 755 2078 ‚praeferre
813 2000 1100 2073 amicitiae,
1149 2001 1442 2059 sordidum
1495 2002 1819 2060 existiment
1835 2022 1850 2074 ;

277 2096 380 2155 ubi
433 2115 534 2155 eos
580 2096 957 2169 inveniemus,
1007 2097 1111 2173 qui
1154 2099 1420 2169 honores,
1469 2098 1850 2175 magistratus,

276 2192 535 2270 imperia,
575 2203 905 2269 potestates,
946 2212 1104 2269 opes,
1148 2193 1415 2251 amicitiae
1461 2213 1579 2251 non
1623 2204 1853 2271 antepo-

275 2301 451 2361 nant3
493 2299 577 2363 ut,
599 2309 734 2350 oum
762 2308 834 2347 ex
862 2289 1039 2347 altera
1065 2299 1227 2365 parte
1252 2291 1542 2365 proposita
1562 2291 1689 2348 haee
1712 2292 1845 2364 sint,
1877 2310 1942 2359 20

274 2404 348 2443 ex
388 2386 566 2444 alterii
602 2386 697 2462 jus
738 2386 1027 2461 amicitiae,
1070 2405 1189 2443 non
1229 2386 1412 2444 multo
1458 2386 1558 2450 illa
1603 2387 1846 2445 malint?

273 2478 576 2539 Imbecilla
601 2482 757 2540 enim
784 2491 990 2540 natura
1022 2491 1111 2550 est
1140 2481 1721 2560 adoontemnendam
1746 2500 1847 2557 po-

272 2576 547 2635 tentiam:
589 2597 757 2653 quam
785 2578 958 2637 etiam
985 2576 1035 2635 si
1063 2577 1331 2653 neglecta
1361 2577 1616 2634 amicitia
1645 2596 1844 2635 eonse-

273 2670 398 2729 outi
425 2681 577 2743 sunt,
595 2675 964 2732 obscuratum
992 2673 1064 2730 iri
1092 2692 1155 2729 se
1185 2673 1550 2744 arbitrantur,
1568 2673 1704 2747 quia
1723 2692 1840 2732 non

272 2766 401 2826 sine
426 2768 636 2844 magna
662 2770 838 2834 eausa
865 2770 940 2828 sit
966 2770 1235 2846 neglecta
1263 2768 1531 2827 amicitia.
1869 2780 1935 2830 25

349 2861 554 2938 Itaque
573 2882 720 2923 verae
743 2865 1009 2925 amicitiae
1031 2865 1364 2924 difficillime
1393 2865 1751 2941 reperiuntur
1779 2866 1839 2928 in

267 2958 345 3019 iis
385 2958 484 3034 qui
538 2958 599 3017 in
652 2960 967 3020 honoribus
1012 2980 1188 3037 reque
1237 2960 1472 3038 publica
1523 2972 1837 3023 versantur.

268 3053 386 3118 Ubi
411 3056 567 3117 enim
591 3055 765 3118 istum
792 3056 1068 3134 invenias,
1098 3058 1197 3138 qui
1237 3060 1515 3120 honorem
1545 3059 1715 3122 amici
1744 3078 1841 3122 an·
