<?xml version="1.0" encoding="UTF-8"?>
<!DOCTYPE html PUBLIC "-//W3C//DTD XHTML 1.0 Transitional//EN"
    "http://www.w3.org/TR/xhtml1/DTD/xhtml1-transitional.dtd">
<html xmlns="http://www.w3.org/1999/xhtml" xml:lang="en" lang="en">
 <head>
  <title>
</title>
<meta http-equiv="Content-Type" content="text/html;charset=utf-8" />
  <meta name='ocr-system' content='tesseract 3.04.00' />
  <meta name='ocr-capabilities' content='ocr_page ocr_carea ocr_par ocr_line ocrx_word'/>
</head>
<body>
  <div class='ocr_page' id='page_1' title='image "./desenectuteetde01dillgoog_0015.png"; bbox 0 0 2192 3550; ppageno 0'>
   <div class='ocr_carea' id='block_1_1' title="bbox 643 667 1436 720">
    <p class='ocr_par' dir='ltr' id='par_1_1' title="bbox 643 667 1436 720">
     <span class='ocr_line' id='line_1_1' title="bbox 643 667 1436 720; baseline 0.005 -3"><span class='ocrx_word' id='word_1_1' title='bbox 643 667 719 718; x_wconf 90' lang='lat' dir='ltr'><strong>M.</strong></span> <span class='ocrx_word' id='word_1_2' title='bbox 762 668 1010 719; x_wconf 87' lang='lat' dir='ltr'>TULLII</span> <span class='ocrx_word' id='word_1_3' title='bbox 1049 667 1436 720; x_wconf 83' lang='lat' dir='ltr'>CICERONIS</span> 
     </span>
    </p>
   </div>
   <div class='ocr_carea' id='block_1_2' title="bbox 239 860 1821 945">
    <p class='ocr_par' dir='ltr' id='par_1_2' title="bbox 239 860 1821 945">
     <span class='ocr_line' id='line_1_2' title="bbox 239 860 1821 945; baseline 0.002 -18"><span class='ocrx_word' id='word_1_4' title='bbox 239 860 496 927; x_wconf 84' lang='lat' dir='ltr'><strong>cATo</strong></span> <span class='ocrx_word' id='word_1_5' title='bbox 518 861 856 943; x_wconf 85' lang='lat' dir='ltr'>MAJOR‚</span> <span class='ocrx_word' id='word_1_6' title='bbox 893 863 1064 928; x_wconf 86' lang='lat' dir='ltr'><strong>SEU</strong></span> <span class='ocrx_word' id='word_1_7' title='bbox 1095 864 1222 928; x_wconf 88' lang='lat' dir='ltr'><strong>DE</strong></span> <span class='ocrx_word' id='word_1_8' title='bbox 1261 863 1821 945; x_wconf 82' lang='lat' dir='ltr'>SENECTUTE,</span> 
     </span>
    </p>
   </div>
   <div class='ocr_carea' id='block_1_3' title="bbox 994 1043 1073 1080">
    <p class='ocr_par' dir='ltr' id='par_1_3' title="bbox 994 1043 1073 1080">
     <span class='ocr_line' id='line_1_3' title="bbox 994 1043 1073 1080; baseline 0.013 -1"><span class='ocrx_word' id='word_1_9' title='bbox 994 1043 1073 1080; x_wconf 71' lang='lat' dir='ltr'><strong>AD</strong></span> 
     </span>
    </p>
   </div>
   <div class='ocr_carea' id='block_1_4' title="bbox 562 1189 1508 1242">
    <p class='ocr_par' dir='ltr' id='par_1_4' title="bbox 562 1189 1508 1242">
     <span class='ocr_line' id='line_1_4' title="bbox 562 1189 1508 1242; baseline 0.003 -4"><span class='ocrx_word' id='word_1_10' title='bbox 562 1189 623 1238; x_wconf 89' lang='lat' dir='ltr'><strong>T.</strong></span> <span class='ocrx_word' id='word_1_11' title='bbox 681 1190 1111 1240; x_wconf 87' lang='lat' dir='ltr'>POMPONIUM</span> <span class='ocrx_word' id='word_1_12' title='bbox 1158 1190 1508 1242; x_wconf 87' lang='lat' dir='ltr'>ATTICUM.</span> 
     </span>
    </p>
   </div>
   <div class='ocr_carea' id='block_1_5' title="bbox 859 1378 1209 1389">
    <p class='ocr_par' dir='ltr' id='par_1_5' title="bbox 859 1378 1209 1389">
     <span class='ocr_line' id='line_1_5' title="bbox 859 1378 1209 1389; baseline 0 0"><span class='ocrx_word' id='word_1_13' title='bbox 859 1378 1209 1389; x_wconf 95' lang='lat' dir='ltr'><strong> </strong></span> 
     </span>
    </p>
   </div>
   <div class='ocr_carea' id='block_1_6' title="bbox 246 1505 1878 1965">
    <p class='ocr_par' dir='ltr' id='par_1_6' title="bbox 246 1505 1878 1965">
     <span class='ocr_line' id='line_1_6' title="bbox 305 1505 1695 1589; baseline -0.001 -16"><span class='ocrx_word' id='word_1_14' title='bbox 305 1505 355 1566; x_wconf 78' lang='lat'><strong>1·</strong></span> <span class='ocrx_word' id='word_1_15' title='bbox 405 1526 437 1555; x_wconf 76' lang='lat'><strong>‘⁴</strong></span> <span class='ocrx_word' id='word_1_16' title='bbox 457 1523 504 1573; x_wconf 92' lang='grc' dir='ltr'>Ο</span> <span class='ocrx_word' id='word_1_17' title='bbox 526 1523 681 1586; x_wconf 77' lang='lat' dir='ltr'><strong>Tru,</strong></span> <span class='ocrx_word' id='word_1_18' title='bbox 702 1525 745 1573; x_wconf 81' lang='lat' dir='ltr'><strong>si</strong></span> <span class='ocrx_word' id='word_1_19' title='bbox 767 1524 885 1586; x_wconf 79' lang='lat' dir='ltr'><strong>quid</strong></span> <span class='ocrx_word' id='word_1_20' title='bbox 907 1539 1003 1589; x_wconf 84' lang='lat' dir='ltr'><strong>ego</strong></span> <span class='ocrx_word' id='word_1_21' title='bbox 1024 1525 1211 1588; x_wconf 67' lang='lat' dir='ltr'><strong>adjuro,</strong></span> <span class='ocrx_word' id='word_1_22' title='bbox 1225 1539 1461 1573; x_wconf 86' lang='lat' dir='ltr'><strong>curamve</strong></span> <span class='ocrx_word' id='word_1_23' title='bbox 1482 1524 1695 1586; x_wconf 74' lang='lat' dir='ltr'><strong>levasso,</strong></span> 
     </span>
     <span class='ocr_line' id='line_1_7' title="bbox 459 1605 1726 1668; baseline -0.001 -15"><span class='ocrx_word' id='word_1_24' title='bbox 459 1605 589 1662; x_wconf 77' lang='lat' dir='ltr'><strong>Quae</strong></span> <span class='ocrx_word' id='word_1_25' title='bbox 612 1620 750 1653; x_wconf 89' lang='lat' dir='ltr'><strong>nunc</strong></span> <span class='ocrx_word' id='word_1_26' title='bbox 770 1612 821 1653; x_wconf 84' lang='lat' dir='ltr'><strong>te</strong></span> <span class='ocrx_word' id='word_1_27' title='bbox 838 1606 1028 1667; x_wconf 85' lang='lat' dir='ltr'><strong>coquit,</strong></span> <span class='ocrx_word' id='word_1_28' title='bbox 1049 1611 1104 1653; x_wconf 87' lang='lat' dir='ltr'><strong>et</strong></span> <span class='ocrx_word' id='word_1_29' title='bbox 1124 1610 1291 1655; x_wconf 74' lang='lat' dir='ltr'><strong>vereat</strong></span> <span class='ocrx_word' id='word_1_30' title='bbox 1309 1605 1364 1653; x_wconf 88' lang='lat' dir='ltr'><strong>in</strong></span> <span class='ocrx_word' id='word_1_31' title='bbox 1385 1611 1585 1668; x_wconf 82' lang='lat' dir='ltr'><strong>pectore</strong></span> <span class='ocrx_word' id='word_1_32' title='bbox 1606 1605 1726 1666; x_wconf 79' lang='lat' dir='ltr'><strong>fixa,</strong></span> 
     </span>
     <span class='ocr_line' id='line_1_8' title="bbox 453 1684 1017 1748; baseline -0.002 -15"><span class='ocrx_word' id='word_1_33' title='bbox 453 1684 649 1748; x_wconf 84' lang='lat' dir='ltr'><strong>Ecquid</strong></span> <span class='ocrx_word' id='word_1_34' title='bbox 670 1685 766 1733; x_wconf 86' lang='lat' dir='ltr'><strong>erit</strong></span> <span class='ocrx_word' id='word_1_35' title='bbox 786 1686 930 1748; x_wconf 83' lang='lat' dir='ltr'><strong>pretii</strong></span> <span class='ocrx_word' id='word_1_36' title='bbox 948 1688 967 1732; x_wconf 85' lang='lat'>?</span> <span class='ocrx_word' id='word_1_37' title='bbox 985 1684 1017 1706; x_wconf 92' lang='lat'><strong>”</strong></span> 
     </span>
     <span class='ocr_line' id='line_1_9' title="bbox 246 1793 1818 1867; baseline -0.002 -13"><span class='ocrx_word' id='word_1_38' title='bbox 246 1793 416 1855; x_wconf 82' lang='lat' dir='ltr'>Licet</span> <span class='ocrx_word' id='word_1_39' title='bbox 442 1796 598 1853; x_wconf 91' lang='lat' dir='ltr'><strong>enim</strong></span> <span class='ocrx_word' id='word_1_40' title='bbox 617 1797 877 1853; x_wconf 84' lang='lat' dir='ltr'><strong>versibus</strong></span> <span class='ocrx_word' id='word_1_41' title='bbox 905 1796 1112 1852; x_wconf 83' lang='lat' dir='ltr'><strong>iisdem</strong></span> <span class='ocrx_word' id='word_1_42' title='bbox 1139 1795 1281 1852; x_wconf 87' lang='lat' dir='ltr'><strong>mihi</strong></span> <span class='ocrx_word' id='word_1_43' title='bbox 1311 1793 1469 1852; x_wconf 86' lang='lat' dir='ltr'><strong>affari</strong></span> <span class='ocrx_word' id='word_1_44' title='bbox 1496 1804 1575 1867; x_wconf 87' lang='lat' dir='ltr'><strong>te,</strong></span> <span class='ocrx_word' id='word_1_45' title='bbox 1598 1794 1818 1867; x_wconf 80' lang='lat' dir='ltr'><strong>Attice,</strong></span> 
     </span>
     <span class='ocr_line' id='line_1_10' title="bbox 246 1888 1878 1965; baseline 0 -19"><span class='ocrx_word' id='word_1_46' title='bbox 246 1891 456 1965; x_wconf 83' lang='lat' dir='ltr'><strong>quibus</strong></span> <span class='ocrx_word' id='word_1_47' title='bbox 486 1891 687 1947; x_wconf 87' lang='lat' dir='ltr'><strong>affatur</strong></span> <span class='ocrx_word' id='word_1_48' title='bbox 716 1888 1131 1962; x_wconf 84' lang='lat' dir='ltr'><strong>Flamininum,</strong></span> <span class='ocrx_word' id='word_1_49' title='bbox 1845 1905 1878 1953; x_wconf 86' lang='lat'><strong>5</strong></span> 
     </span>
    </p>
   </div>
   <div class='ocr_carea' id='block_1_7' title="bbox 400 2011 1773 2077">
    <p class='ocr_par' dir='ltr' id='par_1_7' title="bbox 400 2011 1773 2077">
     <span class='ocr_line' id='line_1_11' title="bbox 400 2011 1773 2077; baseline 0.001 -17"><span class='ocrx_word' id='word_1_50' title='bbox 400 2015 431 2042; x_wconf 87' lang='lat'><strong><em>“</em></strong></span> <span class='ocrx_word' id='word_1_51' title='bbox 448 2011 539 2061; x_wconf 88' lang='lat' dir='ltr'><strong>Ille</strong></span> <span class='ocrx_word' id='word_1_52' title='bbox 563 2013 656 2074; x_wconf 86' lang='lat' dir='ltr'><strong>vir,</strong></span> <span class='ocrx_word' id='word_1_53' title='bbox 678 2012 812 2061; x_wconf 86' lang='lat' dir='ltr'><strong>haud</strong></span> <span class='ocrx_word' id='word_1_54' title='bbox 833 2014 1016 2077; x_wconf 66' lang='lat' dir='ltr'><strong>magna</strong></span> <span class='ocrx_word' id='word_1_55' title='bbox 1037 2027 1156 2061; x_wconf 87' lang='lat' dir='ltr'><strong>curn</strong></span> <span class='ocrx_word' id='word_1_56' title='bbox 1178 2028 1249 2075; x_wconf 86' lang='lat' dir='ltr'><strong>re,</strong></span> <span class='ocrx_word' id='word_1_57' title='bbox 1270 2013 1359 2061; x_wconf 78' lang='lat' dir='ltr'><strong>sed</strong></span> <span class='ocrx_word' id='word_1_58' title='bbox 1380 2013 1550 2077; x_wconf 89' lang='lat' dir='ltr'><strong>plenu’</strong></span> <span class='ocrx_word' id='word_1_59' title='bbox 1574 2014 1689 2063; x_wconf 87' lang='lat' dir='ltr'><strong>fidei</strong></span> <span class='ocrx_word' id='word_1_60' title='bbox 1709 2029 1724 2074; x_wconf 77' lang='lat'><em>3</em></span> <span class='ocrx_word' id='word_1_61' title='bbox 1742 2014 1773 2036; x_wconf 84' lang='lat'><strong>’&#39;</strong></span> 
     </span>
    </p>
   </div>
   <div class='ocr_carea' id='block_1_8' title="bbox 244 2127 1655 2318">
    <p class='ocr_par' dir='ltr' id='par_1_8' title="bbox 244 2127 1655 2318">
     <span class='ocr_line' id='line_1_12' title="bbox 244 2127 1655 2205; baseline 0 -20"><span class='ocrx_word' id='word_1_62' title='bbox 244 2146 589 2205; x_wconf 89' lang='lat' dir='ltr'><strong>quamquam</strong></span> <span class='ocrx_word' id='word_1_63' title='bbox 619 2137 779 2185; x_wconf 86' lang='lat' dir='ltr'><strong>certo</strong></span> <span class='ocrx_word' id='word_1_64' title='bbox 808 2127 950 2200; x_wconf 80' lang='lat' dir='ltr'><strong>sci0‚</strong></span> <span class='ocrx_word' id='word_1_65' title='bbox 980 2147 1120 2201; x_wconf 90' lang='lat' dir='ltr'><strong>non,</strong></span> <span class='ocrx_word' id='word_1_66' title='bbox 1149 2138 1215 2186; x_wconf 87' lang='lat' dir='ltr'><strong>ut</strong></span> <span class='ocrx_word' id='word_1_67' title='bbox 1241 2128 1655 2198; x_wconf 83' lang='lat' dir='ltr'><strong>Flamininum,</strong></span> 
     </span>
     <span class='ocr_line' id='line_1_13' title="bbox 395 2253 1622 2318; baseline 0.001 -16"><span class='ocrx_word' id='word_1_68' title='bbox 395 2257 428 2284; x_wconf 84' lang='lat'><strong>“</strong></span> <span class='ocrx_word' id='word_1_69' title='bbox 446 2254 711 2303; x_wconf 81' lang='lat' dir='ltr'><strong>Sollicitari</strong></span> <span class='ocrx_word' id='word_1_70' title='bbox 733 2260 801 2315; x_wconf 83' lang='lat' dir='ltr'><strong>te,</strong></span> <span class='ocrx_word' id='word_1_71' title='bbox 822 2253 957 2316; x_wconf 80' lang='lat' dir='ltr'><strong>Tite,</strong></span> <span class='ocrx_word' id='word_1_72' title='bbox 978 2254 1049 2302; x_wconf 79' lang='lat' dir='ltr'><strong>sic</strong></span> <span class='ocrx_word' id='word_1_73' title='bbox 1071 2259 1340 2316; x_wconf 82' lang='lat' dir='ltr'><strong>noctesque</strong></span> <span class='ocrx_word' id='word_1_74' title='bbox 1366 2254 1622 2318; x_wconf 77' lang='lat' dir='ltr'><strong>diesque.’&#39;</strong></span> 
     </span>
    </p>
   </div>
   <div class='ocr_carea' id='block_1_9' title="bbox 233 2362 1906 3113">
    <p class='ocr_par' dir='ltr' id='par_1_9' title="bbox 233 2362 1906 3113">
     <span class='ocr_line' id='line_1_14' title="bbox 240 2362 1818 2439; baseline -0.001 -18"><span class='ocrx_word' id='word_1_75' title='bbox 240 2362 396 2422; x_wconf 86' lang='lat' dir='ltr'><strong>Novi</strong></span> <span class='ocrx_word' id='word_1_76' title='bbox 444 2364 602 2421; x_wconf 91' lang='lat' dir='ltr'><strong>enim</strong></span> <span class='ocrx_word' id='word_1_77' title='bbox 647 2363 1105 2421; x_wconf 82' lang='lat' dir='ltr'><strong>moderationem</strong></span> <span class='ocrx_word' id='word_1_78' title='bbox 1154 2363 1331 2420; x_wconf 88' lang='lat' dir='ltr'><strong>animi</strong></span> <span class='ocrx_word' id='word_1_79' title='bbox 1385 2363 1492 2436; x_wconf 87' lang='lat' dir='ltr'><strong>tui,</strong></span> <span class='ocrx_word' id='word_1_80' title='bbox 1540 2373 1599 2420; x_wconf 88' lang='lat' dir='ltr'><strong>et</strong></span> <span class='ocrx_word' id='word_1_81' title='bbox 1646 2362 1818 2439; x_wconf 80' lang='lat' dir='ltr'><strong>aequi-</strong></span> 
     </span>
     <span class='ocr_line' id='line_1_15' title="bbox 240 2458 1906 2537; baseline -0.002 -20"><span class='ocrx_word' id='word_1_82' title='bbox 240 2469 449 2529; x_wconf 82' lang='lat' dir='ltr'><strong>tatem3</strong></span> <span class='ocrx_word' id='word_1_83' title='bbox 517 2469 691 2535; x_wconf 88' lang='lat' dir='ltr'><strong>teque</strong></span> <span class='ocrx_word' id='word_1_84' title='bbox 757 2478 876 2516; x_wconf 89' lang='lat' dir='ltr'><strong>non</strong></span> <span class='ocrx_word' id='word_1_85' title='bbox 930 2477 1259 2537; x_wconf 79' lang='lat' dir='ltr'><strong>cognomen</strong></span> <span class='ocrx_word' id='word_1_86' title='bbox 1326 2458 1512 2517; x_wconf 82' lang='lat' dir='ltr'><strong>solum</strong></span> <span class='ocrx_word' id='word_1_87' title='bbox 1560 2459 1816 2535; x_wconf 79' lang='lat' dir='ltr'><strong>¹Athenis</strong></span> <span class='ocrx_word' id='word_1_88' title='bbox 1845 2467 1906 2514; x_wconf 88' lang='lat' dir='ltr'><strong>lo</strong></span> 
     </span>
     <span class='ocr_line' id='line_1_16' title="bbox 241 2555 1815 2630; baseline -0.001 -18"><span class='ocrx_word' id='word_1_89' title='bbox 241 2555 593 2629; x_wconf 68' lang='lat' dir='ltr'><strong>deportasse,</strong></span> <span class='ocrx_word' id='word_1_90' title='bbox 656 2556 758 2613; x_wconf 79' lang='lat' dir='ltr'><strong>sed</strong></span> <span class='ocrx_word' id='word_1_91' title='bbox 825 2555 1260 2625; x_wconf 87' lang='lat' dir='ltr'><strong>humanitatem,</strong></span> <span class='ocrx_word' id='word_1_92' title='bbox 1329 2564 1389 2612; x_wconf 87' lang='lat' dir='ltr'><strong>et</strong></span> <span class='ocrx_word' id='word_1_93' title='bbox 1452 2555 1815 2630; x_wconf 87' lang='lat' dir='ltr'><strong>prudentiam</strong></span> 
     </span>
     <span class='ocr_line' id='line_1_17' title="bbox 241 2643 1814 2727; baseline -0.001 -20"><span class='ocrx_word' id='word_1_94' title='bbox 241 2649 521 2727; x_wconf 83' lang='lat' dir='ltr'><strong>intelligo.</strong></span> <span class='ocrx_word' id='word_1_95' title='bbox 602 2650 682 2709; x_wconf 83' lang='lat' dir='ltr'><strong>Et</strong></span> <span class='ocrx_word' id='word_1_96' title='bbox 711 2662 905 2710; x_wconf 87' lang='lat' dir='ltr'><strong>tamen</strong></span> <span class='ocrx_word' id='word_1_97' title='bbox 945 2643 1232 2727; x_wconf 58' lang='lat' dir='ltr'><strong>auspicor,</strong></span> <span class='ocrx_word' id='word_1_98' title='bbox 1277 2650 1480 2708; x_wconf 84' lang='lat' dir='ltr'><strong>iisdem</strong></span> <span class='ocrx_word' id='word_1_99' title='bbox 1523 2651 1696 2707; x_wconf 83' lang='lat' dir='ltr'><strong>rebus</strong></span> <span class='ocrx_word' id='word_1_100' title='bbox 1736 2660 1814 2723; x_wconf 88' lang='lat' dir='ltr'><strong>te,</strong></span> 
     </span>
     <span class='ocr_line' id='line_1_18' title="bbox 239 2745 1812 2824; baseline 0.001 -22"><span class='ocrx_word' id='word_1_101' title='bbox 239 2745 452 2822; x_wconf 77' lang='lat' dir='ltr'><strong>quibus</strong></span> <span class='ocrx_word' id='word_1_102' title='bbox 490 2747 792 2822; x_wconf 81' lang='lat' dir='ltr'><strong>meipsum,</strong></span> <span class='ocrx_word' id='word_1_103' title='bbox 834 2747 1125 2805; x_wconf 88' lang='lat' dir='ltr'><strong>interdum</strong></span> <span class='ocrx_word' id='word_1_104' title='bbox 1166 2747 1396 2824; x_wconf 83' lang='lat' dir='ltr'><strong>gravius</strong></span> <span class='ocrx_word' id='word_1_105' title='bbox 1433 2746 1812 2804; x_wconf 81' lang='lat' dir='ltr'><strong>commoveri:</strong></span> 
     </span>
     <span class='ocr_line' id='line_1_19' title="bbox 238 2840 1814 2920; baseline -0.001 -20"><span class='ocrx_word' id='word_1_106' title='bbox 238 2860 484 2918; x_wconf 87' lang='lat' dir='ltr'><strong>quarum</strong></span> <span class='ocrx_word' id='word_1_107' title='bbox 544 2844 864 2902; x_wconf 83' lang='lat' dir='ltr'><strong>consolatio</strong></span> <span class='ocrx_word' id='word_1_108' title='bbox 919 2853 979 2901; x_wconf 89' lang='lat' dir='ltr'><strong>et</strong></span> <span class='ocrx_word' id='word_1_109' title='bbox 1030 2844 1213 2920; x_wconf 88' lang='lat' dir='ltr'><strong>major</strong></span> <span class='ocrx_word' id='word_1_110' title='bbox 1267 2853 1373 2915; x_wconf 81' lang='lat' dir='ltr'><strong>est,</strong></span> <span class='ocrx_word' id='word_1_111' title='bbox 1428 2851 1489 2899; x_wconf 89' lang='lat' dir='ltr'><strong>et</strong></span> <span class='ocrx_word' id='word_1_112' title='bbox 1542 2841 1603 2900; x_wconf 91' lang='lat' dir='ltr'><strong>in</strong></span> <span class='ocrx_word' id='word_1_113' title='bbox 1659 2840 1814 2899; x_wconf 85' lang='lat' dir='ltr'><strong>aliud</strong></span> 
     </span>
     <span class='ocr_line' id='line_1_20' title="bbox 235 2937 1904 3016; baseline -0.002 -19"><span class='ocrx_word' id='word_1_114' title='bbox 235 2948 466 3016; x_wconf 84' lang='lat' dir='ltr'><strong>tempus</strong></span> <span class='ocrx_word' id='word_1_115' title='bbox 492 2938 824 2999; x_wconf 84' lang='lat' dir='ltr'><strong>differenda.</strong></span> <span class='ocrx_word' id='word_1_116' title='bbox 904 2939 1087 2998; x_wconf 90' lang='lat' dir='ltr'><strong>Nunc</strong></span> <span class='ocrx_word' id='word_1_117' title='bbox 1116 2950 1308 2998; x_wconf 88' lang='lat' dir='ltr'><strong>autem</strong></span> <span class='ocrx_word' id='word_1_118' title='bbox 1344 2938 1487 2997; x_wconf 91' lang='lat' dir='ltr'><strong>mihi</strong></span> <span class='ocrx_word' id='word_1_119' title='bbox 1514 2937 1700 2997; x_wconf 83' lang='lat' dir='ltr'><strong>visum</strong></span> <span class='ocrx_word' id='word_1_120' title='bbox 1726 2949 1816 2997; x_wconf 80' lang='lat' dir='ltr'><strong>est</strong></span> <span class='ocrx_word' id='word_1_121' title='bbox 1842 2942 1904 2992; x_wconf 81' lang='lat'><strong>15</strong></span> 
     </span>
     <span class='ocr_line' id='line_1_21' title="bbox 233 3033 1814 3113; baseline 0 -19"><span class='ocrx_word' id='word_1_122' title='bbox 233 3033 314 3094; x_wconf 80' lang='lat' dir='ltr'><strong>de</strong></span> <span class='ocrx_word' id='word_1_123' title='bbox 359 3035 677 3096; x_wconf 85' lang='lat' dir='ltr'><strong>Senectute</strong></span> <span class='ocrx_word' id='word_1_124' title='bbox 724 3036 939 3113; x_wconf 81' lang='lat' dir='ltr'><strong>aliquid</strong></span> <span class='ocrx_word' id='word_1_125' title='bbox 986 3036 1060 3096; x_wconf 89' lang='lat' dir='ltr'><strong>ad</strong></span> <span class='ocrx_word' id='word_1_126' title='bbox 1106 3047 1166 3095; x_wconf 89' lang='lat' dir='ltr'><strong>te</strong></span> <span class='ocrx_word' id='word_1_127' title='bbox 1206 3035 1593 3096; x_wconf 82' lang='lat' dir='ltr'><strong>conscribere.</strong></span> <span class='ocrx_word' id='word_1_128' title='bbox 1676 3034 1814 3094; x_wconf 89' lang='lat' dir='ltr'><strong>Hoc</strong></span> 
     </span>
    </p>
   </div>
  </div>
 </body>
</html>
