2192 3550
791 275 878 326 DF.
908 280 1318 331 SENECTUTE.
1854 273 1942 332 31.

268 418 333 481 Ρ.
373 422 580 497 Decio,
610 426 728 502 qui,
757 427 1151 502 quinquennio
1194 438 1325 486 ante
1361 448 1492 486 eum
1522 429 1836 502 consulem,

266 537 329 576 se
366 539 472 596 pro
525 523 841 597 republica,
883 533 1086 598 quarto
1142 525 1463 597 consulatu,
1514 526 1833 584 devoverat.

265 614 456 675 Norat
511 619 757 676 eundem
799 619 1137 689 Fabricius3
1181 620 1348 677 norat
1396 621 1834 692 Coruncanius;

266 712 382 786 qui,
414 733 547 771 cum
574 734 647 771 ex
673 716 777 771 sua
805 716 942 786 vita,
973 725 1095 773 tum
1126 735 1196 772 ex
1224 717 1367 793 ejuS,
1385 737 1555 792 quem
1585 719 1738 790 dico,
1768 718 1833 776 P.

263 807 435 866 Decii
486 810 658 882 facto,
715 811 1073 886 judicabant,
1125 820 1262 869 esse'
1302 814 1565 887 profecto
1621 815 1836 889 aliquid
1867 823 1901 873 5
1969 880 1974 883 ,

260 906 468 963 natura
520 906 827 981 pulchrum
884 918 1050 982 atque
1104 909 1465 983 praeclarum,
1520 911 1674 984 quod
1727 911 1837 968 sua

261 1012 466 1076 sponte
506 1011 815 1077 peteretur,
865 1004 1149 1080 quodque,
1200 1004 1392 1081 spreta
1419 1014 1477 1061 et
1504 1007 1838 1081 contempti

261 1097 572 1173 voluptate,
602 1099 850 1174 optimus
881 1100 1120 1176 quisque
1149 1110 1502 1176 sequeretur.

337 1193 636 1255 Quorsum
678 1195 852 1272 igitur
879 1206 994 1254 tam
1036 1196 1217 1254 multa
1244 1197 1315 1253 de
1343 1197 1673 1272 voluptate?
1701 1197 1838 1274 quia

257 1308 378 1348 non
421 1292 594 1349 modo
637 1292 979 1367 vituperatio
1025 1294 1204 1365 nulla,
1251 1295 1353 1351 sed
1396 1294 1571 1351 etiam
1613 1313 1838 1352 summa
1868 1297 1932 1347 lo

257 1386 383 1445 laus
431 1389 746 1446 senectutis
794 1400 900 1461 est,
950 1391 1104 1465 quod
1158 1411 1229 1447 ea
1275 1392 1593 1466 voluptates
1646 1390 1835 1448 nullas

257 1502 606 1561 magnopere
650 1486 952 1544 desiderat.
1039 1487 1216 1543 Caret
1259 1487 1465 1561 epulis,
1507 1487 1836 1544 exstructis-

256 1600 366 1655 que
408 1582 640 1652 mensis,
671 1592 728 1637 et
757 1582 1150 1657 frequentibus
1189 1583 1455 1656 poculis?
1499 1592 1656 1639 caret
1694 1600 1833 1659 ergo

253 1677 431 1733 etiam
499 1676 834 1747 vinolentia,
893 1687 948 1733 et
1020 1679 1325 1747 cruditate,
1387 1687 1446 1733 et
1514 1677 1829 1734 insomniis.

258 1773 397 1843 Sed,
441 1773 491 1828 si
533 1771 746 1846 aliquid
787 1773 1041 1829 dandum
1081 1783 1171 1828 est
1222 1771 1519 1846 voluptati,
1546 1771 1832 1847 quoniam
1864 1775 1926 1823 15

257 1868 381 1944 ejus
447 1867 741 1924 blanditiis
794 1886 913 1924 non
981 1868 1151 1938 facile
1206 1867 1554 1939 obsistimus,
1612 1865 1832 1944 (divine
1897 1913 1903 1921 .

254 1965 412 2022 enim
441 1964 608 2021 Plato
637 1982 828 2021 escam
857 1964 1138 2037 malorum
1169 1964 1518 2039 voluptatem
1562 1964 1829 2041 appellat,

254 2062 408 2138 quod
450 2061 521 2118 ea
559 2061 831 2118 videlicet
884 2061 1149 2118 homines
1191 2061 1510 2135 capiantur,
1552 2071 1618 2119 ut
1658 2062 1830 2120 hamo

250 2159 469 2240 pisces)
526 2176 853 2234 quanquam
922 2158 1317 2215 immoderatis
1385 2158 1569 2233 epulis
1637 2166 1830 2215 careat

252 2265 540 2326 senectuS,
611 2254 858 2311 modicis
924 2263 1118 2310 tamen
1194 2254 1473 2311 conviviis
1552 2253 1829 2311 delectari
1859 2264 1923 2313 20

249 2361 454 2427 potest.
539 2351 607 2408 G.
632 2349 936 2421 Duillium,
967 2349 1049 2409 M.
1082 2350 1264 2406 filium
1282 2350 1379 2425 qui
1405 2348 1617 2406 Poenos
1645 2349 1830 2406 classe

249 2447 468 2521 primus
494 2448 803 2518 devicerat,
824 2446 1168 2503 redeuntem
1199 2465 1233 2503 a
1260 2445 1427 2501 coenz‘i
1454 2463 1653 2501 senem
1679 2463 1830 2518 saepe

252 2542 516 2598 videbam
565 2562 741 2619 puer;
799 2543 1194 2599 delectabatur
1251 2542 1456 2598 crebro
1491 2540 1715 2610 funali,
1770 2548 1831 2596 et

253 2636 513 2709 tibicine,
591 2659 715 2714 quae
792 2639 924 2710 sibi,
1002 2637 1163 2695 nullo
1229 2636 1507 2711 exemplo,
1574 2635 1829 2711 privatus

252 2744 608 2809 sumpseratz
649 2746 874 2794 tantum
902 2734 1157 2792 licentiae
1186 2733 1360 2790 dabat
1387 2731 1589 2809 gloria.
1855 2739 1920 2791 ὦ
1960 2738 1980 2814 [¹

330 2830 447 2889 Sed
478 2830 615 2905 quid
642 2850 755 2908 ego
780 2833 962 2890 alios?
1006 2832 1077 2888 ad
1104 2829 1388 2904 meipsum
1410 2828 1530 2905 jam
1557 2836 1824 2891 revertar.

245 2928 508 2988 Primum
529 2928 704 2986 habui
726 2947 948 3005 semper
970 2927 1229 2985 sodales:
1259 2924 1590 2983 sodalitates
1614 2931 1825 2998 autem,

247 3044 342 3084 me
404 3034 710 3102 quaestore,
772 3025 1101 3098 constitutae
1168 3031 1322 3097 sunt,
1392 3022 1573 3082 sacris
1651 3020 1825 3081 Idaeis
