2192 3550
251 275 333 335 32
776 285 953 331 cxro
996 283 1228 344 namon,
1258 285 1382 332 snu

346 430 576 508 Magnae
617 429 825 488 Matris
868 433 1142 507 acceptis,
1236 432 1525 508 Epulabar
1568 431 1743 508 igitur
1786 450 1923 490 cum

345 527 637 589 sodalibus
658 526 897 583 omnino
924 529 1180 598 modice3
1211 529 1312 585 sed
1339 536 1462 584 erat
1482 527 1712 602 quidam
1735 525 1922 585 fervor

348 621 560 680 aetatis:
629 622 743 696 qufi
794 625 1219 700 progrediente,
1276 623 1471 680 omnia
1522 622 1667 680 fiunt
1733 623 1921 680 indies

346 717 607 775 mitiora:
672 737 858 794 neque
899 719 1051 776 enim
1097 720 1348 794 ipsorum
1391 718 1782 776 conviviorum
1825 720 1924 775 de-

283 823 316 871 5
343 814 711 872 lectationem
753 814 1139 890 voluptatibus
1181 815 1438 890 corporis
1465 815 1694 891 τυπεὶς,
1749 834 1918 889 quam

344 919 499 968 coetu
529 911 844 969 amicorum
873 922 930 969 et
970 910 1348 981 sermonibuS,
1379 911 1672 968 metiebar.
1758 911 1919 968 Bene

344 1006 502 1065 enim
571 1009 814 1085 majores
880 1008 1060 1065 nostri
1130 1007 1556 1064 accubitionem
1625 1008 1918 1082 epularem

347 1104 684 1176 amicorum,
738 1104 873 1179 quia
923 1105 1051 1161 vitae
1121 1103 1591 1179 conjunctionem
1660 1104 1917 1174 haberet,

345 1200 657 1256 convivium
695 1199 1085 1270 nomim‘irunt,
1117 1199 1340 1271 melius,
1371 1218 1540 1274 quam
1581 1200 1791 1271 Groeci‚
1821 1199 1918 1275 qui

254 1306 316 1356 10
345 1294 459 1352 hoc
506 1295 658 1352 idem
705 1305 826 1352 tum
875 1296 1342 1371 compotationem,
1386 1306 1510 1353 tum
1558 1297 1920 1353 concoenatio-

342 1411 481 1463 ηεηι,
529 1401 768 1461 vocant3
813 1399 894 1462 ut,
938 1392 1092 1466 quod
1133 1392 1193 1449 in
1235 1411 1307 1449 eo
1354 1411 1567 1469 genere
1614 1392 1915 1450 minimum

344 1471 450 1561 est,
480 1487 537 1545 id
568 1487 811 1545 maxime
837 1488 1081 1564 probare
1110 1488 1427 1546 videantur.

424 1684 588 1743 XIV.
672 1683 801 1762 Ego
848 1703 1003 1757 vem,
1056 1695 1289 1763 propter
1342 1684 1624 1742 sermonis
1671 1683 1920 1741 delecta-

345 1782 583 1855 tionem,
623 1782 976 1857 tempestivis
1028 1802 1251 1859 quoque
1306 1783 1585 1840 conviviis
1637 1781 1917 1850 delector,

252 1890 317 1938 15
348 1897 459 1935 nec
487 1897 618 1935 cum
646 1878 957 1953 aequalibus
998 1879 1183 1937 solum
1229 1878 1354 1954 (qui
1392 1879 1566 1954 pauci
1610 1877 1918 1935 admodum

347 1974 613 2052 restant),
667 1973 773 2030 sed
835 1993 968 2031 cum
1023 1975 1210 2032 vestni⁴
1263 1975 1436 2031 etiam
1505 1984 1690 2044 aetate,
1751 1981 1921 2046 atque

345 2068 676 2125 vobiscum:
720 2069 1016 2144 habeoque
1044 2069 1330 2126 senectuti
1359 2087 1626 2144 magnam
1654 2067 1920 2143 gratiam,

346 2183 470 2238 quae
511 2165 653 2222 mihi
695 2165 975 2223 sermonis
1019 2165 1346 2221 aviditatem
1379 2165 1552 2235 auxit,
1579 2162 1831 2238 potionis
1859 2170 1922 2217 et

347 2259 464 2317 cibi
505 2261 750 2319 sustulit.
831 2260 1014 2322 Quod
1062 2261 1111 2317 si
1153 2280 1321 2335 quem
1366 2260 1536 2316 etiam
1581 2259 1691 2315 ista
1730 2257 1922 2314 delec-

249 2359 314 2409 20
345 2365 489 2427 tant,
522 2354 624 2434 (ne
660 2356 899 2414 omnino
940 2357 1150 2414 bellum
1195 2356 1469 2413 indixisse
1496 2356 1689 2412 videar
1730 2353 1921 2430 volup-

345 2452 470 2524 tati,
514 2452 678 2528 cujus
718 2463 805 2509 est
845 2452 1020 2510 etiam
1061 2454 1302 2511 fortasse
1357 2452 1588 2528 quidam
1643 2451 1921 2509 naturalis

345 2548 577 2628 modus)
621 2568 739 2606 non
782 2549 1062 2627 intelligo,
1105 2569 1180 2606 ne
1218 2550 1277 2606 in
1320 2548 1443 2605 istis
1470 2548 1700 2623 quidem
1728 2548 1923 2623 volup·

344 2645 559 2703 tatibus
581 2645 738 2721 ipsis,
768 2665 965 2703 carere
993 2666 1166 2704 sensu
1199 2654 1573 2703 senectutem.
1657 2643 1759 2700 Me
1788 2662 1922 2701 vero

346 2750 405 2799 et
431 2742 762 2818 magisteria
787 2742 1097 2815 delectant,
1131 2762 1165 2799 a
1190 2742 1500 2818 majoribus
1532 2742 1823 2809 instituta3
1864 2746 1922 2794 et

248 2840 315 2891 25
346 2835 397 2895 is
437 2856 645 2909 sel-mn,
688 2838 805 2913 qui,
836 2857 994 2895 more
1035 2838 1337 2913 majorum,
1369 2857 1402 2895 a
1437 2857 1662 2896 summo
1691 2834 1923 2893 adhibe-

344 2943 438 2992 tur
478 2933 538 2992 in
578 2934 837 3010 poculis3
880 2943 938 2991 et
976 2935 1208 3012 pocula,
1239 2934 1391 2993 sicut
1419 2934 1478 2993 in
1502 2941 1540 2967 “
1560 2930 1865 3009 Symposio
1883 2929 1917 2956 '’

344 3029 774 3110 Xenophontis,
817 3032 1058 3107 minuta,
1103 3042 1271 3111 atque
1323 3031 1618 3103 rorantia}
1652 3038 1711 3086 et
1762 3024 1923 3085 refri-
