2192 3550
763 328 850 374 DE
891 324 1296 374 ΒΕΝΕοΤυΤΕ.
1845 307 1926 365 47

262 497 426 536 suum
499 477 720 549 eadem,
777 494 904 551 quae
961 472 1403 550 coagmentavit,
1459 480 1667 528 natura
1720 467 1833 526 dis-

260 574 441 632 solvit.
523 573 605 631 Ut
647 590 872 643 navem,
919 579 981 627 ut
1027 568 1357 639 aedificium,
1388 567 1541 625 idem
1591 565 1834 625 destruit

260 671 550 743 facillime,
599 670 699 746 qui
753 666 1093 737 construxit,
1141 666 1227 722 sic
1283 664 1572 722 hominem
1626 661 1833 722 eadem

260 768 494 843 optime,
572 786 700 841 quae
769 762 1210 840 conglutinavit,
1279 771 1488 818 natura
1553 760 1829 818 dissolvit.

259 863 296 920 J
300 884 388 921 am
418 864 606 921 omnis
636 859 1055 937 conglutinatio
1084 877 1288 926 recens
1317 877 1488 934 aegre,
1519 857 1835 915 inveterata
1860 862 1894 912 5

261 960 448 1032 facile,
478 958 783 1016 divellitur.
867 955 959 1013 Ita
984 955 1066 1027 fit,
1096 963 1161 1011 ut
1190 954 1331 1012 illud
1360 955 1531 1011 breve
1554 954 1682 1012 vitae
1706 954 1833 1012 reli-

259 1076 436 1131 quum
478 1072 591 1112 nec
636 1053 799 1110 avide
847 1051 1232 1128 appetendum
1269 1051 1523 1122 senibus,
1553 1069 1664 1107 nec
1708 1050 1834 1107 sine

261 1152 438 1210 causa
493 1151 871 1209 deserendum
925 1150 1015 1207 sit.
1117 1149 1406 1224 Vetatque
1460 1147 1832 1224 Pythagoraa,

262 1248 481 1324 injussu
511 1247 886 1323 imperatoriS,
920 1244 1012 1324 (id
1039 1254 1144 1318 est,
1175 1245 1317 1325 Dei)
1349 1244 1423 1302 de
1460 1228 1733 1321 praesidio
1774 1254 1833 1302 et

259 1345 506 1402 statione
535 1345 662 1402 vitre
691 1345 988 1402 decedere.
1074 1342 1309 1401 Solonis
1351 1341 1583 1417 quidem
1612 1341 1833 1417 sapien·
1863 1345 1925 1394 10

258 1443 332 1500 tis
359 1442 613 1519 elogium
642 1451 746 1513 est,
778 1461 892 1516 quo
921 1460 982 1498 se
1004 1450 1180 1516 negat
1207 1440 1354 1497 velle
1385 1457 1549 1496 suam
1589 1449 1833 1497 mortem

259 1537 458 1594 dolore
515 1538 832 1595 amicorum
898 1546 957 1593 et
1023 1535 1292 1593 lamentis
1360 1552 1582 1590 vacare.
1692 1533 1834 1590 Vult

263 1632 494 1712 (credo)
526 1653 586 1690 se
615 1652 740 1690 esse
769 1651 967 1690 carum
1009 1632 1145 1688 suis.
1232 1630 1350 1687 Sed
1390 1629 1545 1686 haud
1585 1628 1729 1701 sci0,
1762 1649 1835 1686 an

260 1731 465 1788 melius
493 1729 752 1787 Ennius:

370 1906 400 1932 “
423 1902 584 1951 Nemo
605 1918 685 1950 me
708 1901 942 1965 lacrymis
964 1901 1180 1963 decoret,
1202 1916 1363 1963 neque
1386 1883 1563 1950 funera
1584 1901 1709 1951 fletu
1866 1911 1930 1960 15

420 1982 619 2032 Faxit.'’

260 2117 400 2175 Non
445 2126 643 2174 censet
691 2116 1001 2194 lugendam
1047 2136 1175 2175 esse
1221 2126 1485 2189 mortem,
1515 2136 1687 2192 quam
1732 2117 1836 2174 im-

260 2214 578 2272 mortalitas
606 2223 1008 2287 consequatur.
1066 2275 1075 2282 ,

340 2310 377 2367 J
381 2330 471 2367 am
500 2329 702 2367 sensus
731 2309 1000 2366 morienti
1030 2309 1237 2384 aliquis
1265 2330 1390 2368 esse
1430 2320 1640 2385 potest,
1671 2310 1834 2384 isque

263 2407 334 2463 ad
364 2407 636 2483 exiguum
662 2416 909 2481 tempuS,
936 2406 1255 2480 praesertim
1302 2406 1465 2472 seni:
1508 2415 1639 2481 post
1687 2423 1837 2461 mor·
1866 2418 1934 2466 20

262 2511 381 2559 tem
408 2502 659 2575 quidem,
689 2521 893 2559 sensus
923 2512 1021 2558 aut
1046 2502 1333 2576 optandus
1365 2511 1463 2558 aut
1502 2501 1696 2558 nullus
1725 2509 1832 2558 est.

265 2596 384 2653 Sed
413 2596 526 2653 hoc
547 2598 886 2666 meditatum
930 2598 1001 2654 ab
1043 2597 1435 2654 adolescentia
1477 2597 1650 2658 debet
1690 2613 1835 2665 esse,

265 2701 508 2749 mortem
550 2703 613 2749 ut
654 2694 1049 2771 negligamus:
1110 2692 1235 2749 sine
1283 2693 1397 2767 qua
1440 2690 1835 2763 meditatione,

265 2787 577 2862 tranquillo
604 2807 727 2845 esse
758 2790 949 2847 animo
976 2807 1150 2847 nemo
1176 2798 1382 2864 potest.
1466 2786 1838 2843 Moriendum

266 2885 423 2943 enim
454 2893 610 2942 certe
639 2895 756 2957 est;
800 2896 858 2943 et
894 2886 955 2943 id
998 2885 1304 2957 incertum,
1338 2903 1409 2941 an
1453 2901 1524 2940 eo
1553 2883 1679 2960 ipso
1725 2882 1835 2941 die.
1867 2885 1934 2950 '25

266 2981 521 3040 Mortem
565 2981 741 3059 igitur
784 2983 1054 3040 omnibus
1096 2982 1254 3039 horis
1294 2981 1723 3057 impendentem
1770 2982 1840 3039 ti-

266 3098 450 3153 mens,
499 3077 599 3156 qui
639 3078 853 3157 poterit
906 3079 1100 3139 animo
1152 3078 1512 3138 consistere?
1592 3077 1686 3136 De
1726 3077 1841 3154 qua
