2192 3550
562 307 839 368 LAELmS,
875 307 1025 355 snm
1068 307 1158 354 nn
1198 305 1514 354 Amcrru.
1857 292 1940 352 93

260 476 390 517 mus
416 475 623 534 capere
648 457 951 536 potuisset,
979 455 1031 514 si
1059 455 1468 532 Lycomedem,
1494 452 1645 529 apud
1672 468 1845 529 quem

260 565 383 613 erat
427 557 730 628 educatus,
779 554 977 612 multis
1020 571 1155 611 cum
1207 552 1480 628 lacrymis
1523 551 1632 609 iter
1676 568 1845 608 suum

258 651 689 729 impedientem,
714 651 911 710 audire
932 650 1224 709 voluisset.
1307 649 1386 707 Et
1406 668 1557 725 saepe
1579 649 1846 713 incidunt

257 768 482 828 magnae
509 769 622 822 reS,
652 759 715 807 ut
744 748 1162 806 discedendum
1193 746 1267 805 sit
1310 747 1381 805 ab
1424 745 1658 817 amicis;
1701 765 1845 822 quas

256 848 358 923 qui
401 847 681 924 impedire
722 847 861 917 vult,
904 844 1059 920 quod
1109 844 1461 901 desiderium
1506 861 1624 900 non
1672 843 1844 901 facile
1873 857 1907 908 5

257 945 424 1016 ferat,
454 944 503 1002 is
531 953 590 1000 et
629 942 889 1000 infirmus
924 949 1032 1013 est,
1061 939 1366 1014 mollisque
1405 940 1632 1011 natura,
1660 949 1739 1012 et,
1768 940 1845 998 ob

257 1052 387 1103 eam
434 1039 617 1117 ipsam
658 1057 911 1110 causam,
957 1038 1019 1095 in
1070 1036 1328 1095 amicitia
1378 1054 1581 1112 parum
1635 1035 1842 1112 justus.

258 1137 456 1212 Atque
497 1135 559 1193 in
598 1135 770 1221 omnix
808 1154 872 1193 re
915 1133 1402 1193 considerandum
1445 1142 1552 1205 est,
1601 1143 1660 1191 et
1705 1133 1847 1210 quid

255 1232 514 1311 postules
542 1234 614 1292 ab
644 1233 853 1306 amico,
871 1242 935 1291 et
961 1232 1102 1308 quid
1128 1231 1350 1309 patiare
1380 1251 1415 1289 a
1439 1240 1499 1290 te
1526 1230 1840 1308 impetrari.

334 1426 508 1487 XXI.
590 1427 698 1486 Est
723 1428 898 1493 etiam
927 1426 1094 1503 quasi
1136 1427 1400 1503 quaedam
1441 1425 1741 1487 calamitas
1782 1425 1843 1485 in
1875 1430 1937 1479 10

235 1512 529 1583 ¹amicitiis
584 1524 941 1583 dimittendis
994 1542 1416 1600 nonnunquam
1479 1520 1842 1583 necessaria:

257 1620 379 1697 jam
413 1620 568 1678 enim
599 1640 633 1678 a
659 1619 1007 1696 sapientium
1034 1619 1520 1678 familiaritatibus
1554 1619 1625 1677 ad
1653 1619 1847 1695 vulga-

256 1735 352 1775 res
381 1716 664 1775 amicitias
692 1716 877 1774 oratio
906 1725 1106 1774 nostra
1132 1715 1434 1774 delabitur.
1518 1714 1846 1791 Erumpunt

258 1832 410 1889 saepe
440 1812 579 1871 vitia
605 1812 944 1884 amicorum,
974 1831 1111 1870 cum
1152 1812 1213 1870 in
1254 1811 1411 1888 ipsos
1453 1811 1692 1884 amicos,
1721 1822 1846 1870 tum

258 1907 321 1968 in
361 1908 613 1979 alienos3
655 1926 899 1984 quorum
940 1918 1137 1966 tamen
1178 1907 1251 1966 ad
1300 1907 1519 1968 amicos
1561 1908 1846 1967 redundet
1877 1914 1939 1964 15

258 2004 513 2064 infamia.
596 2004 776 2063 Tales
823 2004 998 2083 igitur
1029 2004 1298 2063 amicitiae
1335 2014 1469 2063 sunt
1508 2005 1845 2065 remissione

256 2102 398 2162 usus
459 2102 743 2174 eluendae,
786 2113 845 2160 et
896 2102 989 2180 (ut
1046 2101 1334 2161 Catonem
1378 2102 1574 2161 dicere
1624 2103 1843 2185 audivi)

255 2200 579 2259 dissuendae
620 2199 824 2277 magiS,
854 2217 1025 2273 quam
1066 2199 1498 2259 discindendae:
1541 2200 1654 2259 nisi
1695 2220 1847 2277 quae-

256 2296 389 2355 dam
431 2297 743 2356 admodum
784 2296 1163 2354 intolerabilis
1204 2297 1415 2374 injuria
1452 2298 1746 2369 exarserit,
1782 2308 1846 2356 ut

258 2411 447 2467 neque
494 2404 719 2453 rectum
766 2412 957 2469 neque
1005 2392 1314 2451 honestum
1354 2394 1448 2465 sit,
1491 2413 1678 2469 neque
1719 2393 1844 2452 fieri
1874 2404 1939 2454 20

258 2489 460 2566 possit,
488 2500 553 2547 ut
579 2509 698 2549 non
724 2490 920 2549 statim
950 2488 1224 2548 alienatio
1253 2489 1680 2565 disjunctioque
1707 2489 1845 2547 saci-

262 2584 415 2644 enda
439 2586 529 2645 sit.

341 2681 450 2739 Sin
479 2692 670 2740 autem
703 2702 929 2742 morum
975 2693 1072 2741 aut
1116 2681 1439 2740 studiorum
1467 2692 1844 2742 commutatio

261 2778 523 2854 quaedam
553 2776 645 2855 (ut
676 2779 800 2837 fieri
841 2781 1015 2860 solet)
1046 2780 1204 2852 facta
1242 2779 1371 2851 erit,
1404 2789 1502 2850 aut
1530 2779 1591 2837 in
1619 2779 1838 2856 reipub-

259 2874 391 2934 licae
416 2873 673 2950 partibus
695 2874 976 2932 dissensio
1005 2875 1398 2933 intercesserit
1429 2875 1660 2953 (loquor
1689 2877 1843 2936 enim
1872 2882 1938 2931 25

266 2971 408 3050 jam,
436 2980 503 3030 ut
541 2969 715 3047 paulo
744 2981 876 3030 ante
917 2972 1057 3044 dixi,
1087 2990 1206 3030 non
1235 2973 1309 3031 de
1345 2973 1712 3049 sapientium,
1741 2975 1844 3034 sed

260 3068 337 3130 de
379 3068 800 3142 communibus,
850 3069 1175 3151 amicitiis),
1223 3071 1544 3130 cavendum
1590 3071 1721 3145 erit,
1767 3090 1845 3134 ne
