<?xml version="1.0" encoding="UTF-8"?>
<!DOCTYPE html PUBLIC "-//W3C//DTD XHTML 1.0 Transitional//EN"
    "http://www.w3.org/TR/xhtml1/DTD/xhtml1-transitional.dtd">
<html xmlns="http://www.w3.org/1999/xhtml" xml:lang="en" lang="en">
 <head>
  <title>
</title>
<meta http-equiv="Content-Type" content="text/html;charset=utf-8" />
  <meta name='ocr-system' content='tesseract 3.04.00' />
  <meta name='ocr-capabilities' content='ocr_page ocr_carea ocr_par ocr_line ocrx_word'/>
</head>
<body>
  <div class='ocr_page' id='page_1' title='image "./desenectuteetde01dillgoog_0032.png"; bbox 0 0 2192 3550; ppageno 0'>
   <div class='ocr_carea' id='block_1_1' title="bbox 315 298 1497 371">
    <p class='ocr_par' dir='ltr' id='par_1_1' title="bbox 315 298 1497 371">
     <span class='ocr_line' id='line_1_1' title="bbox 315 298 1497 371; baseline -0.002 -11"><span class='ocrx_word' id='word_1_1' title='bbox 315 298 396 360; x_wconf 76' lang='lat'>24</span> <span class='ocrx_word' id='word_1_2' title='bbox 896 310 1073 361; x_wconf 68' lang='lat' dir='ltr'>cuo</span> <span class='ocrx_word' id='word_1_3' title='bbox 1111 309 1342 371; x_wconf 62' lang='lat' dir='ltr'>MAIOR,</span> <span class='ocrx_word' id='word_1_4' title='bbox 1371 311 1497 361; x_wconf 71' lang='lat' dir='ltr'>ssu</span> 
     </span>
    </p>
   </div>
   <div class='ocr_carea' id='block_1_2' title="bbox 314 456 2050 3132">
    <p class='ocr_par' dir='ltr' id='par_1_2' title="bbox 403 456 1977 820">
     <span class='ocr_line' id='line_1_2' title="bbox 488 456 1977 535; baseline 0.001 -19"><span class='ocrx_word' id='word_1_5' title='bbox 488 456 606 516; x_wconf 88' lang='lat' dir='ltr'>Sed</span> <span class='ocrx_word' id='word_1_6' title='bbox 645 456 820 515; x_wconf 86' lang='lat' dir='ltr'>redeo</span> <span class='ocrx_word' id='word_1_7' title='bbox 863 458 934 516; x_wconf 85' lang='lat' dir='ltr'>ad</span> <span class='ocrx_word' id='word_1_8' title='bbox 972 477 1083 517; x_wconf 88' lang='lat' dir='ltr'>me.</span> <span class='ocrx_word' id='word_1_9' title='bbox 1180 458 1471 522; x_wconf 81' lang='lat' dir='ltr'>Quartum</span> <span class='ocrx_word' id='word_1_10' title='bbox 1510 476 1722 516; x_wconf 89' lang='lat' dir='ltr'>annum</span> <span class='ocrx_word' id='word_1_11' title='bbox 1766 475 1875 535; x_wconf 86' lang='lat' dir='ltr'>ago</span> <span class='ocrx_word' id='word_1_12' title='bbox 1914 469 1977 517; x_wconf 84' lang='lat' dir='ltr'>et</span> 
     </span>
     <span class='ocr_line' id='line_1_3' title="bbox 408 536 1975 631; baseline 0 -19"><span class='ocrx_word' id='word_1_13' title='bbox 408 536 856 630; x_wconf 77' lang='lat' dir='ltr'>ootogesimum:</span> <span class='ocrx_word' id='word_1_14' title='bbox 899 555 1165 629; x_wconf 81' lang='lat' dir='ltr'>equidem</span> <span class='ocrx_word' id='word_1_15' title='bbox 1194 575 1362 631; x_wconf 90' lang='lat' dir='ltr'>posse</span> <span class='ocrx_word' id='word_1_16' title='bbox 1388 554 1594 611; x_wconf 88' lang='lat' dir='ltr'>vellem</span> <span class='ocrx_word' id='word_1_17' title='bbox 1621 554 1773 612; x_wconf 88' lang='lat' dir='ltr'>idem</span> <span class='ocrx_word' id='word_1_18' title='bbox 1800 553 1975 631; x_wconf 87' lang='lat' dir='ltr'>glori-</span> 
     </span>
     <span class='ocr_line' id='line_1_4' title="bbox 408 649 1971 725; baseline -0.001 -18"><span class='ocrx_word' id='word_1_19' title='bbox 408 649 509 720; x_wconf 89' lang='lat' dir='ltr'>ari,</span> <span class='ocrx_word' id='word_1_20' title='bbox 552 650 706 724; x_wconf 91' lang='lat' dir='ltr'>quod</span> <span class='ocrx_word' id='word_1_21' title='bbox 747 650 966 725; x_wconf 81' lang='lat' dir='ltr'>Cyrus:</span> <span class='ocrx_word' id='word_1_22' title='bbox 1034 652 1138 708; x_wconf 92' lang='lat' dir='ltr'>sed</span> <span class='ocrx_word' id='word_1_23' title='bbox 1178 661 1369 708; x_wconf 89' lang='lat' dir='ltr'>tamen</span> <span class='ocrx_word' id='word_1_24' title='bbox 1410 650 1521 706; x_wconf 85' lang='lat' dir='ltr'>hoo</span> <span class='ocrx_word' id='word_1_25' title='bbox 1562 669 1712 725; x_wconf 91' lang='lat' dir='ltr'>queo</span> <span class='ocrx_word' id='word_1_26' title='bbox 1751 649 1971 722; x_wconf 81' lang='lat' dir='ltr'>dicere,</span> 
     </span>
     <span class='ocr_line' id='line_1_5' title="bbox 403 746 1972 820; baseline 0.001 -18"><span class='ocrx_word' id='word_1_27' title='bbox 403 764 522 802; x_wconf 92' lang='lat' dir='ltr'>non</span> <span class='ocrx_word' id='word_1_28' title='bbox 553 765 644 802; x_wconf 92' lang='lat' dir='ltr'>me</span> <span class='ocrx_word' id='word_1_29' title='bbox 673 746 902 820; x_wconf 89' lang='lat' dir='ltr'>quidem</span> <span class='ocrx_word' id='word_1_30' title='bbox 932 746 1002 805; x_wconf 88' lang='lat' dir='ltr'>iis</span> <span class='ocrx_word' id='word_1_31' title='bbox 1028 765 1155 803; x_wconf 85' lang='lat' dir='ltr'>esse</span> <span class='ocrx_word' id='word_1_32' title='bbox 1183 747 1415 816; x_wconf 74' lang='lat' dir='ltr'>viribu8‚</span> <span class='ocrx_word' id='word_1_33' title='bbox 1447 746 1653 820; x_wconf 89' lang='lat' dir='ltr'>quibus</span> <span class='ocrx_word' id='word_1_34' title='bbox 1682 755 1779 802; x_wconf 85' lang='lat' dir='ltr'>aut</span> <span class='ocrx_word' id='word_1_35' title='bbox 1805 746 1972 804; x_wconf 83' lang='lat' dir='ltr'>miles</span> 
     </span>
    </p>

    <p class='ocr_par' dir='ltr' id='par_1_3' title="bbox 342 841 1971 1307">
     <span class='ocr_line' id='line_1_6' title="bbox 342 841 1971 921; baseline 0 -23"><span class='ocrx_word' id='word_1_36' title='bbox 342 858 376 907; x_wconf 81' lang='lat'><strong>5</strong></span> <span class='ocrx_word' id='word_1_37' title='bbox 404 841 556 898; x_wconf 90' lang='lat' dir='ltr'>bello</span> <span class='ocrx_word' id='word_1_38' title='bbox 583 841 828 915; x_wconf 80' lang='lat' dir='ltr'>PunieO,</span> <span class='ocrx_word' id='word_1_39' title='bbox 860 852 956 901; x_wconf 85' lang='lat' dir='ltr'>aut</span> <span class='ocrx_word' id='word_1_40' title='bbox 982 851 1222 921; x_wconf 86' lang='lat' dir='ltr'>quaestor</span> <span class='ocrx_word' id='word_1_41' title='bbox 1262 841 1465 899; x_wconf 88' lang='lat' dir='ltr'>eodem</span> <span class='ocrx_word' id='word_1_42' title='bbox 1507 842 1678 914; x_wconf 90' lang='lat' dir='ltr'>bello,</span> <span class='ocrx_word' id='word_1_43' title='bbox 1709 852 1805 900; x_wconf 85' lang='lat' dir='ltr'>aut</span> <span class='ocrx_word' id='word_1_44' title='bbox 1832 861 1971 900; x_wconf 80' lang='lat' dir='ltr'>oon-</span> 
     </span>
     <span class='ocr_line' id='line_1_7' title="bbox 404 937 1967 1015; baseline -0.001 -19"><span class='ocrx_word' id='word_1_45' title='bbox 404 938 491 996; x_wconf 87' lang='lat' dir='ltr'>sul</span> <span class='ocrx_word' id='word_1_46' title='bbox 533 938 592 996; x_wconf 90' lang='lat' dir='ltr'>in</span> <span class='ocrx_word' id='word_1_47' title='bbox 647 938 931 1015; x_wconf 68' lang='lat' dir='ltr'>Hispania</span> <span class='ocrx_word' id='word_1_48' title='bbox 972 938 1195 1010; x_wconf 86' lang='lat' dir='ltr'>fuerim,</span> <span class='ocrx_word' id='word_1_49' title='bbox 1239 946 1336 994; x_wconf 90' lang='lat' dir='ltr'>aut</span> <span class='ocrx_word' id='word_1_50' title='bbox 1388 937 1765 1012; x_wconf 85' lang='lat' dir='ltr'>quadriennio</span> <span class='ocrx_word' id='word_1_51' title='bbox 1816 948 1967 1013; x_wconf 81' lang='lat' dir='ltr'>post,</span> 
     </span>
     <span class='ocr_line' id='line_1_8' title="bbox 406 1034 1971 1111; baseline -0.002 -18"><span class='ocrx_word' id='word_1_52' title='bbox 406 1054 560 1108; x_wconf 83' lang='lat' dir='ltr'>eum,</span> <span class='ocrx_word' id='word_1_53' title='bbox 603 1037 867 1095; x_wconf 86' lang='lat' dir='ltr'>tribunus</span> <span class='ocrx_word' id='word_1_54' title='bbox 906 1034 1186 1105; x_wconf 75' lang='lat' dir='ltr'>militariS,</span> <span class='ocrx_word' id='word_1_55' title='bbox 1230 1034 1550 1111; x_wconf 82' lang='lat' dir='ltr'>depugnavi</span> <span class='ocrx_word' id='word_1_56' title='bbox 1593 1035 1754 1110; x_wconf 88' lang='lat' dir='ltr'>apud.</span> <span class='ocrx_word' id='word_1_57' title='bbox 1783 1034 1971 1092; x_wconf 86' lang='lat' dir='ltr'>Ther-</span> 
     </span>
     <span class='ocr_line' id='line_1_9' title="bbox 406 1130 1969 1207; baseline -0.001 -18"><span class='ocrx_word' id='word_1_58' title='bbox 406 1132 681 1207; x_wconf 73' lang='lat' dir='ltr'>mopylaS,</span> <span class='ocrx_word' id='word_1_59' title='bbox 704 1131 986 1189; x_wconf 84' lang='lat' dir='ltr'>M&#39;Aeilio</span> <span class='ocrx_word' id='word_1_60' title='bbox 1005 1130 1319 1189; x_wconf 84' lang='lat' dir='ltr'>Glabrione</span> <span class='ocrx_word' id='word_1_61' title='bbox 1347 1132 1617 1189; x_wconf 83' lang='lat' dir='ltr'>consule:</span> <span class='ocrx_word' id='word_1_62' title='bbox 1648 1132 1749 1189; x_wconf 87' lang='lat' dir='ltr'>sed</span> <span class='ocrx_word' id='word_1_63' title='bbox 1775 1141 1969 1189; x_wconf 85' lang='lat' dir='ltr'>tamen</span> 
     </span>
     <span class='ocr_line' id='line_1_10' title="bbox 408 1226 1971 1307; baseline 0.001 -24"><span class='ocrx_word' id='word_1_64' title='bbox 408 1226 500 1304; x_wconf 92' lang='lat' dir='ltr'>(ut</span> <span class='ocrx_word' id='word_1_65' title='bbox 545 1246 646 1285; x_wconf 88' lang='lat' dir='ltr'>vos</span> <span class='ocrx_word' id='word_1_66' title='bbox 691 1227 921 1307; x_wconf 85' lang='lat' dir='ltr'>videtis)</span> <span class='ocrx_word' id='word_1_67' title='bbox 977 1247 1094 1284; x_wconf 91' lang='lat' dir='ltr'>non</span> <span class='ocrx_word' id='word_1_68' title='bbox 1147 1227 1318 1302; x_wconf 86' lang='lat' dir='ltr'>plane</span> <span class='ocrx_word' id='word_1_69' title='bbox 1371 1246 1463 1284; x_wconf 92' lang='lat' dir='ltr'>me</span> <span class='ocrx_word' id='word_1_70' title='bbox 1517 1228 1807 1285; x_wconf 82' lang='lat' dir='ltr'>enervavit</span> <span class='ocrx_word' id='word_1_71' title='bbox 1859 1246 1971 1285; x_wconf 78' lang='lat' dir='ltr'>neo</span> 
     </span>
    </p>

    <p class='ocr_par' dir='ltr' id='par_1_4' title="bbox 315 1323 2050 1786">
     <span class='ocr_line' id='line_1_11' title="bbox 315 1323 1968 1394; baseline -0.004 -9"><span class='ocrx_word' id='word_1_72' title='bbox 315 1336 376 1386; x_wconf 91' lang='lat'>10</span> <span class='ocrx_word' id='word_1_73' title='bbox 407 1323 600 1380; x_wconf 87' lang='lat' dir='ltr'>afflixit</span> <span class='ocrx_word' id='word_1_74' title='bbox 629 1333 928 1383; x_wconf 83' lang='lat' dir='ltr'>senectus:</span> <span class='ocrx_word' id='word_1_75' title='bbox 971 1342 1089 1380; x_wconf 91' lang='lat' dir='ltr'>non</span> <span class='ocrx_word' id='word_1_76' title='bbox 1118 1323 1281 1383; x_wconf 81' lang='lat' dir='ltr'>ouria</span> <span class='ocrx_word' id='word_1_77' title='bbox 1304 1323 1453 1380; x_wconf 86' lang='lat' dir='ltr'>vires</span> <span class='ocrx_word' id='word_1_78' title='bbox 1480 1342 1637 1380; x_wconf 87' lang='lat' dir='ltr'>meas</span> <span class='ocrx_word' id='word_1_79' title='bbox 1665 1323 1968 1394; x_wconf 76' lang='lat' dir='ltr'>desiderat,</span> 
     </span>
     <span class='ocr_line' id='line_1_12' title="bbox 405 1419 2050 1492; baseline 0.001 -17"><span class='ocrx_word' id='word_1_80' title='bbox 405 1438 523 1476; x_wconf 91' lang='lat' dir='ltr'>non</span> <span class='ocrx_word' id='word_1_81' title='bbox 564 1419 800 1492; x_wconf 85' lang='lat' dir='ltr'>Rostra,</span> <span class='ocrx_word' id='word_1_82' title='bbox 842 1439 958 1477; x_wconf 91' lang='lat' dir='ltr'>non</span> <span class='ocrx_word' id='word_1_83' title='bbox 1002 1419 1193 1490; x_wconf 82' lang='lat' dir='ltr'>amici,</span> <span class='ocrx_word' id='word_1_84' title='bbox 1235 1439 1351 1477; x_wconf 89' lang='lat' dir='ltr'>non</span> <span class='ocrx_word' id='word_1_85' title='bbox 1394 1419 1655 1490; x_wconf 78' lang='lat' dir='ltr'>clienteS,</span> <span class='ocrx_word' id='word_1_86' title='bbox 1684 1438 1802 1476; x_wconf 92' lang='lat' dir='ltr'>non</span> <span class='ocrx_word' id='word_1_87' title='bbox 1843 1419 1973 1476; x_wconf 74' lang='lat' dir='ltr'>hos-</span> <span class='ocrx_word' id='word_1_88' title='bbox 2045 1447 2050 1451; x_wconf 54' lang='lat'><em>0</em></span> 
     </span>
     <span class='ocr_line' id='line_1_13' title="bbox 403 1515 1970 1591; baseline -0.001 -17"><span class='ocrx_word' id='word_1_89' title='bbox 403 1515 584 1591; x_wconf 88' lang='lat' dir='ltr'>pites:</span> <span class='ocrx_word' id='word_1_90' title='bbox 625 1535 737 1574; x_wconf 88' lang='lat' dir='ltr'>nee</span> <span class='ocrx_word' id='word_1_91' title='bbox 765 1516 919 1574; x_wconf 88' lang='lat' dir='ltr'>enim</span> <span class='ocrx_word' id='word_1_92' title='bbox 947 1535 1196 1590; x_wconf 87' lang='lat' dir='ltr'>unquam</span> <span class='ocrx_word' id='word_1_93' title='bbox 1239 1535 1363 1572; x_wconf 89' lang='lat' dir='ltr'>sum</span> <span class='ocrx_word' id='word_1_94' title='bbox 1384 1535 1657 1575; x_wconf 64' lang='lat' dir='ltr'>⁴assensus</span> <span class='ocrx_word' id='word_1_95' title='bbox 1684 1516 1859 1573; x_wconf 87' lang='lat' dir='ltr'>veteri</span> <span class='ocrx_word' id='word_1_96' title='bbox 1888 1516 1970 1572; x_wconf 90' lang='lat' dir='ltr'>illi</span> 
     </span>
     <span class='ocr_line' id='line_1_14' title="bbox 405 1611 1971 1687; baseline -0.001 -19"><span class='ocrx_word' id='word_1_97' title='bbox 405 1611 746 1687; x_wconf 87' lang='lat' dir='ltr'>laudatoque</span> <span class='ocrx_word' id='word_1_98' title='bbox 784 1612 1107 1687; x_wconf 88' lang='lat' dir='ltr'>proverbio,</span> <span class='ocrx_word' id='word_1_99' title='bbox 1137 1612 1291 1686; x_wconf 90' lang='lat' dir='ltr'>quod</span> <span class='ocrx_word' id='word_1_100' title='bbox 1330 1621 1545 1683; x_wconf 90' lang='lat' dir='ltr'>monet,</span> <span class='ocrx_word' id='word_1_101' title='bbox 1588 1622 1808 1669; x_wconf 85' lang='lat' dir='ltr'>mature</span> <span class='ocrx_word' id='word_1_102' title='bbox 1846 1611 1971 1668; x_wconf 90' lang='lat' dir='ltr'>fieri</span> 
     </span>
     <span class='ocr_line' id='line_1_15' title="bbox 407 1708 1973 1786; baseline -0.002 -20"><span class='ocrx_word' id='word_1_103' title='bbox 407 1727 624 1781; x_wconf 88' lang='lat' dir='ltr'>senem,</span> <span class='ocrx_word' id='word_1_104' title='bbox 666 1709 714 1766; x_wconf 87' lang='lat' dir='ltr'>si</span> <span class='ocrx_word' id='word_1_105' title='bbox 754 1709 852 1766; x_wconf 92' lang='lat' dir='ltr'>diu</span> <span class='ocrx_word' id='word_1_106' title='bbox 893 1708 1034 1766; x_wconf 86' lang='lat' dir='ltr'>velis</span> <span class='ocrx_word' id='word_1_107' title='bbox 1075 1727 1199 1766; x_wconf 85' lang='lat' dir='ltr'>esse</span> <span class='ocrx_word' id='word_1_108' title='bbox 1241 1728 1430 1766; x_wconf 84' lang='lat' dir='ltr'>senex.</span> <span class='ocrx_word' id='word_1_109' title='bbox 1534 1708 1663 1786; x_wconf 86' lang='lat' dir='ltr'>Ego</span> <span class='ocrx_word' id='word_1_110' title='bbox 1704 1726 1839 1764; x_wconf 86' lang='lat' dir='ltr'>vero</span> <span class='ocrx_word' id='word_1_111' title='bbox 1879 1727 1973 1764; x_wconf 85' lang='lat' dir='ltr'>me</span> 
     </span>
    </p>

    <p class='ocr_par' dir='ltr' id='par_1_5' title="bbox 316 1806 2004 2072">
     <span class='ocr_line' id='line_1_16' title="bbox 316 1806 1971 1881; baseline -0.004 -14"><span class='ocrx_word' id='word_1_112' title='bbox 316 1818 377 1867; x_wconf 88' lang='lat'>15</span> <span class='ocrx_word' id='word_1_113' title='bbox 409 1807 598 1865; x_wconf 88' lang='lat' dir='ltr'>minus</span> <span class='ocrx_word' id='word_1_114' title='bbox 624 1806 722 1864; x_wconf 91' lang='lat' dir='ltr'>diu</span> <span class='ocrx_word' id='word_1_115' title='bbox 749 1821 956 1863; x_wconf 68' lang='lat' dir='ltr'>senem‘</span> <span class='ocrx_word' id='word_1_116' title='bbox 986 1825 1113 1864; x_wconf 85' lang='lat' dir='ltr'>esse</span> <span class='ocrx_word' id='word_1_117' title='bbox 1141 1806 1389 1877; x_wconf 46' lang='lat' dir='ltr'>malem,</span> <span class='ocrx_word' id='word_1_118' title='bbox 1420 1825 1590 1881; x_wconf 86' lang='lat' dir='ltr'>quam</span> <span class='ocrx_word' id='word_1_119' title='bbox 1618 1824 1745 1862; x_wconf 87' lang='lat' dir='ltr'>esse</span> <span class='ocrx_word' id='word_1_120' title='bbox 1774 1823 1971 1862; x_wconf 83' lang='lat' dir='ltr'>senem</span> 
     </span>
     <span class='ocr_line' id='line_1_17' title="bbox 411 1902 2004 1977; baseline -0.001 -18"><span class='ocrx_word' id='word_1_121' title='bbox 411 1913 560 1973; x_wconf 89' lang='lat' dir='ltr'>ante,</span> <span class='ocrx_word' id='word_1_122' title='bbox 591 1921 759 1977; x_wconf 91' lang='lat' dir='ltr'>quam</span> <span class='ocrx_word' id='word_1_123' title='bbox 800 1920 1001 1960; x_wconf 85' lang='lat' dir='ltr'>essem.</span> <span class='ocrx_word' id='word_1_124' title='bbox 1084 1902 1287 1977; x_wconf 87' lang='lat' dir='ltr'>Itaque</span> <span class='ocrx_word' id='word_1_125' title='bbox 1326 1921 1498 1959; x_wconf 91' lang='lat' dir='ltr'>nemo</span> <span class='ocrx_word' id='word_1_126' title='bbox 1542 1902 1729 1959; x_wconf 83' lang='lat' dir='ltr'>adhue</span> <span class='ocrx_word' id='word_1_127' title='bbox 1769 1919 2004 1958; x_wconf 47' lang='lat' dir='ltr'>conve-2</span> 
     </span>
     <span class='ocr_line' id='line_1_18' title="bbox 408 1998 1598 2072; baseline -0.001 -18"><span class='ocrx_word' id='word_1_128' title='bbox 408 1998 532 2054; x_wconf 89' lang='lat' dir='ltr'>nire</span> <span class='ocrx_word' id='word_1_129' title='bbox 560 2013 652 2054; x_wconf 88' lang='lat' dir='ltr'>me</span> <span class='ocrx_word' id='word_1_130' title='bbox 679 1998 878 2068; x_wconf 86' lang='lat' dir='ltr'>voluit,</span> <span class='ocrx_word' id='word_1_131' title='bbox 909 1998 1003 2055; x_wconf 87' lang='lat' dir='ltr'>oui</span> <span class='ocrx_word' id='word_1_132' title='bbox 1033 1998 1238 2054; x_wconf 87' lang='lat' dir='ltr'>fuerim</span> <span class='ocrx_word' id='word_1_133' title='bbox 1267 2010 1598 2072; x_wconf 77' lang='lat' dir='ltr'>occupatus,</span> 
     </span>
    </p>

    <p class='ocr_par' dir='ltr' id='par_1_6' title="bbox 407 2091 1975 2264">
     <span class='ocr_line' id='line_1_19' title="bbox 486 2091 1971 2166; baseline -0.001 -16"><span class='ocrx_word' id='word_1_134' title='bbox 486 2093 568 2150; x_wconf 82' lang='lat' dir='ltr'>At</span> <span class='ocrx_word' id='word_1_135' title='bbox 595 2093 787 2150; x_wconf 87' lang='lat' dir='ltr'>minus</span> <span class='ocrx_word' id='word_1_136' title='bbox 813 2093 998 2149; x_wconf 90' lang='lat' dir='ltr'>habeo</span> <span class='ocrx_word' id='word_1_137' title='bbox 1026 2093 1251 2162; x_wconf 87' lang='lat' dir='ltr'>virium,</span> <span class='ocrx_word' id='word_1_138' title='bbox 1276 2111 1446 2166; x_wconf 87' lang='lat' dir='ltr'>quam</span> <span class='ocrx_word' id='word_1_139' title='bbox 1467 2092 1716 2149; x_wconf 67' lang='lat' dir='ltr'>vestrum</span> <span class='ocrx_word' id='word_1_140' title='bbox 1743 2091 1971 2148; x_wconf 80' lang='lat' dir='ltr'>utervis,</span> 
     </span>
     <span class='ocr_line' id='line_1_20' title="bbox 407 2187 1975 2264; baseline -0.002 -18"><span class='ocrx_word' id='word_1_141' title='bbox 407 2188 504 2247; x_wconf 91' lang='lat' dir='ltr'>Ne</span> <span class='ocrx_word' id='word_1_142' title='bbox 531 2208 632 2246; x_wconf 87' lang='lat' dir='ltr'>vos</span> <span class='ocrx_word' id='word_1_143' title='bbox 660 2190 890 2264; x_wconf 90' lang='lat' dir='ltr'>quidem</span> <span class='ocrx_word' id='word_1_144' title='bbox 918 2188 993 2245; x_wconf 91' lang='lat' dir='ltr'>T.</span> <span class='ocrx_word' id='word_1_145' title='bbox 1024 2187 1218 2245; x_wconf 86' lang='lat' dir='ltr'>Pontii</span> <span class='ocrx_word' id='word_1_146' title='bbox 1247 2187 1602 2250; x_wconf 76' lang='lat' dir='ltr'>centurionis</span> <span class='ocrx_word' id='word_1_147' title='bbox 1629 2187 1779 2244; x_wconf 88' lang='lat' dir='ltr'>vires</span> <span class='ocrx_word' id='word_1_148' title='bbox 1806 2187 1975 2243; x_wconf 85' lang='lat' dir='ltr'>habe-</span> 
     </span>
    </p>

    <p class='ocr_par' dir='ltr' id='par_1_7' title="bbox 314 2282 1979 2743">
     <span class='ocr_line' id='line_1_21' title="bbox 314 2282 1975 2360; baseline 0 -18"><span class='ocrx_word' id='word_1_149' title='bbox 314 2284 378 2333; x_wconf 77' lang='lat'>20</span> <span class='ocrx_word' id='word_1_150' title='bbox 408 2286 515 2344; x_wconf 86' lang='lat' dir='ltr'>tis:</span> <span class='ocrx_word' id='word_1_151' title='bbox 545 2305 683 2343; x_wconf 92' lang='lat' dir='ltr'>num</span> <span class='ocrx_word' id='word_1_152' title='bbox 713 2286 932 2343; x_wconf 85' lang='lat' dir='ltr'>ideireo</span> <span class='ocrx_word' id='word_1_153' title='bbox 955 2294 1042 2341; x_wconf 85' lang='lat' dir='ltr'>est</span> <span class='ocrx_word' id='word_1_154' title='bbox 1062 2284 1158 2342; x_wconf 88' lang='lat' dir='ltr'>ille</span> <span class='ocrx_word' id='word_1_155' title='bbox 1178 2284 1571 2360; x_wconf 70' lang='lat' dir='ltr'>praestantior&#39;i</span> <span class='ocrx_word' id='word_1_156' title='bbox 1651 2282 1975 2342; x_wconf 88' lang='lat' dir='ltr'>Moderatio</span> 
     </span>
     <span class='ocr_line' id='line_1_22' title="bbox 409 2381 1974 2456; baseline -0.001 -17"><span class='ocrx_word' id='word_1_157' title='bbox 409 2382 583 2444; x_wconf 87' lang='lat' dir='ltr'>modo</span> <span class='ocrx_word' id='word_1_158' title='bbox 622 2382 828 2439; x_wconf 89' lang='lat' dir='ltr'>virium</span> <span class='ocrx_word' id='word_1_159' title='bbox 871 2381 1035 2453; x_wconf 88' lang='lat' dir='ltr'>adsit,</span> <span class='ocrx_word' id='word_1_160' title='bbox 1078 2391 1138 2438; x_wconf 95' lang='lat' dir='ltr'>et</span> <span class='ocrx_word' id='word_1_161' title='bbox 1177 2390 1418 2452; x_wconf 89' lang='lat' dir='ltr'>tantum,</span> <span class='ocrx_word' id='word_1_162' title='bbox 1456 2391 1729 2456; x_wconf 84' lang='lat' dir='ltr'>quantum</span> <span class='ocrx_word' id='word_1_163' title='bbox 1768 2390 1974 2456; x_wconf 87' lang='lat' dir='ltr'>potest,</span> 
     </span>
     <span class='ocr_line' id='line_1_23' title="bbox 410 2477 1979 2554; baseline -0.001 -19"><span class='ocrx_word' id='word_1_164' title='bbox 410 2478 652 2553; x_wconf 88' lang='lat' dir='ltr'>quisque</span> <span class='ocrx_word' id='word_1_165' title='bbox 692 2478 940 2538; x_wconf 85' lang='lat' dir='ltr'>nitatur:</span> <span class='ocrx_word' id='word_1_166' title='bbox 1009 2497 1098 2536; x_wconf 83' lang='lat' dir='ltr'>11ae</span> <span class='ocrx_word' id='word_1_167' title='bbox 1141 2478 1238 2535; x_wconf 90' lang='lat' dir='ltr'>ille</span> <span class='ocrx_word' id='word_1_168' title='bbox 1277 2496 1395 2535; x_wconf 89' lang='lat' dir='ltr'>non</span> <span class='ocrx_word' id='word_1_169' title='bbox 1443 2495 1653 2554; x_wconf 86' lang='lat' dir='ltr'>magno</span> <span class='ocrx_word' id='word_1_170' title='bbox 1693 2477 1979 2535; x_wconf 90' lang='lat' dir='ltr'>desiderio</span> 
     </span>
     <span class='ocr_line' id='line_1_24' title="bbox 412 2574 1978 2652; baseline -0.001 -21"><span class='ocrx_word' id='word_1_171' title='bbox 412 2575 699 2632; x_wconf 89' lang='lat' dir='ltr'>tenebitur</span> <span class='ocrx_word' id='word_1_172' title='bbox 726 2574 947 2633; x_wconf 86' lang='lat' dir='ltr'>virium.</span> <span class='ocrx_word' id='word_1_173' title='bbox 1030 2574 1313 2651; x_wconf 83' lang='lat' dir='ltr'>Olympiae</span> <span class='ocrx_word' id='word_1_174' title='bbox 1351 2593 1453 2650; x_wconf 89' lang='lat' dir='ltr'>per</span> <span class='ocrx_word' id='word_1_175' title='bbox 1482 2574 1725 2632; x_wconf 83' lang='lat' dir='ltr'>stadium</span> <span class='ocrx_word' id='word_1_176' title='bbox 1765 2575 1978 2652; x_wconf 85' lang='lat' dir='ltr'>ingres-</span> 
     </span>
     <span class='ocr_line' id='line_1_25' title="bbox 412 2668 1978 2743; baseline -0.001 -17"><span class='ocrx_word' id='word_1_177' title='bbox 412 2688 512 2726; x_wconf 83' lang='lat' dir='ltr'>sus</span> <span class='ocrx_word' id='word_1_178' title='bbox 551 2688 677 2727; x_wconf 84' lang='lat' dir='ltr'>esse</span> <span class='ocrx_word' id='word_1_179' title='bbox 718 2668 865 2728; x_wconf 92' lang='lat' dir='ltr'>Milo</span> <span class='ocrx_word' id='word_1_180' title='bbox 905 2670 1136 2743; x_wconf 83' lang='lat' dir='ltr'>dieitur,</span> <span class='ocrx_word' id='word_1_181' title='bbox 1180 2690 1314 2728; x_wconf 83' lang='lat' dir='ltr'>eum</span> <span class='ocrx_word' id='word_1_182' title='bbox 1367 2669 1620 2727; x_wconf 88' lang='lat' dir='ltr'>humeris</span> <span class='ocrx_word' id='word_1_183' title='bbox 1673 2671 1978 2728; x_wconf 82' lang='lat' dir='ltr'>sustineret</span> 
     </span>
    </p>

    <p class='ocr_par' dir='ltr' id='par_1_8' title="bbox 319 2765 1986 3132">
     <span class='ocr_line' id='line_1_26' title="bbox 319 2765 1975 2843; baseline -0.001 -20"><span class='ocrx_word' id='word_1_184' title='bbox 319 2773 384 2823; x_wconf 73' lang='lat'>25</span> <span class='ocrx_word' id='word_1_185' title='bbox 415 2765 620 2823; x_wconf 89' lang='lat' dir='ltr'>bovem</span> <span class='ocrx_word' id='word_1_186' title='bbox 660 2767 866 2825; x_wconf 85' lang='lat' dir='ltr'>vivum.</span> <span class='ocrx_word' id='word_1_187' title='bbox 973 2767 1180 2826; x_wconf 87' lang='lat' dir='ltr'>Utrum</span> <span class='ocrx_word' id='word_1_188' title='bbox 1228 2767 1401 2843; x_wconf 86' lang='lat' dir='ltr'>igitur</span> <span class='ocrx_word' id='word_1_189' title='bbox 1442 2767 1545 2823; x_wconf 88' lang='lat' dir='ltr'>has</span> <span class='ocrx_word' id='word_1_190' title='bbox 1586 2767 1863 2841; x_wconf 84' lang='lat' dir='ltr'>eorporis,</span> <span class='ocrx_word' id='word_1_191' title='bbox 1906 2784 1975 2821; x_wconf 83' lang='lat' dir='ltr'>an</span> 
     </span>
     <span class='ocr_line' id='line_1_27' title="bbox 415 2859 1978 2939; baseline -0.003 -20"><span class='ocrx_word' id='word_1_192' title='bbox 415 2861 755 2939; x_wconf 84' lang='lat' dir='ltr'>Pythagorae</span> <span class='ocrx_word' id='word_1_193' title='bbox 784 2863 889 2922; x_wconf 88' lang='lat' dir='ltr'>tibi</span> <span class='ocrx_word' id='word_1_194' title='bbox 929 2863 1094 2920; x_wconf 80' lang='lat' dir='ltr'>malis</span> <span class='ocrx_word' id='word_1_195' title='bbox 1122 2864 1271 2920; x_wconf 86' lang='lat' dir='ltr'>vires</span> <span class='ocrx_word' id='word_1_196' title='bbox 1300 2861 1519 2939; x_wconf 76' lang='lat' dir='ltr'>ingenii</span> <span class='ocrx_word' id='word_1_197' title='bbox 1561 2863 1725 2921; x_wconf 68' lang='lat' dir='ltr'>dari?</span> <span class='ocrx_word' id='word_1_198' title='bbox 1805 2859 1978 2918; x_wconf 88' lang='lat' dir='ltr'>Deni-</span> 
     </span>
     <span class='ocr_line' id='line_1_28' title="bbox 417 2956 1979 3033; baseline -0.004 -17"><span class='ocrx_word' id='word_1_199' title='bbox 417 2977 529 3033; x_wconf 92' lang='lat' dir='ltr'>que</span> <span class='ocrx_word' id='word_1_200' title='bbox 570 2958 680 3017; x_wconf 83' lang='lat' dir='ltr'>isto</span> <span class='ocrx_word' id='word_1_201' title='bbox 721 2960 876 3018; x_wconf 89' lang='lat' dir='ltr'>bono</span> <span class='ocrx_word' id='word_1_202' title='bbox 916 2969 1098 3031; x_wconf 84' lang='lat' dir='ltr'>utare,</span> <span class='ocrx_word' id='word_1_203' title='bbox 1140 2959 1276 3018; x_wconf 89' lang='lat' dir='ltr'>dum</span> <span class='ocrx_word' id='word_1_204' title='bbox 1320 2958 1496 3029; x_wconf 82' lang='lat' dir='ltr'>adsit3</span> <span class='ocrx_word' id='word_1_205' title='bbox 1541 2977 1675 3016; x_wconf 83' lang='lat' dir='ltr'>eum</span> <span class='ocrx_word' id='word_1_206' title='bbox 1717 2956 1879 3026; x_wconf 85' lang='lat' dir='ltr'>absit,</span> <span class='ocrx_word' id='word_1_207' title='bbox 1907 2974 1979 3011; x_wconf 91' lang='lat' dir='ltr'>ne</span> 
     </span>
     <span class='ocr_line' id='line_1_29' title="bbox 416 3053 1986 3132; baseline -0.001 -21"><span class='ocrx_word' id='word_1_208' title='bbox 416 3056 706 3131; x_wconf 86' lang='lat' dir='ltr'>requiras;</span> <span class='ocrx_word' id='word_1_209' title='bbox 749 3055 861 3114; x_wconf 87' lang='lat' dir='ltr'>nisi</span> <span class='ocrx_word' id='word_1_210' title='bbox 890 3055 1037 3114; x_wconf 88' lang='lat' dir='ltr'>forte</span> <span class='ocrx_word' id='word_1_211' title='bbox 1080 3056 1473 3115; x_wconf 79' lang='lat' dir='ltr'>adolescentes</span> <span class='ocrx_word' id='word_1_212' title='bbox 1499 3053 1822 3132; x_wconf 83' lang='lat' dir='ltr'>pueritiam,</span> <span class='ocrx_word' id='word_1_213' title='bbox 1849 3071 1986 3127; x_wconf 86' lang='lat' dir='ltr'>pau·</span> 
     </span>
    </p>
   </div>
   <div class='ocr_carea' id='block_1_3' title="bbox 2169 1732 2172 2284">
    <p class='ocr_par' dir='ltr' id='par_1_9' title="bbox 2169 1732 2172 2284">
     <span class='ocr_line' id='line_1_30' title="bbox 2169 1732 2172 2284; baseline 0 0"><span class='ocrx_word' id='word_1_214' title='bbox 2169 1732 2172 2284; x_wconf 95' lang='lat' dir='ltr'> </span> 
     </span>
    </p>
   </div>
  </div>
 </body>
</html>
