2192 3550
739 302 826 349 DE
866 299 1268 349 SENECTUTE.
1816 285 1890 342 17

236 447 336 504 sed
363 447 536 505 etiam
566 449 782 526 augeri,
813 458 1080 505 senectus
1108 448 1268 504 solet.
1351 444 1486 502 Nisi
1515 444 1659 501 forte
1686 460 1796 520 ego

234 545 415 615 vobis,
460 544 557 619 qui
597 554 656 602 et
695 543 878 614 mileS,
923 553 980 600 et
1019 525 1301 614 tribunus,
1346 551 1404 599 et
1448 542 1689 617 legatus„
1740 548 1798 597 et

234 640 456 711 consul,
498 649 752 697 versatus
793 658 919 696 sum
959 639 1020 695 in
1046 639 1204 696 vario
1245 656 1456 714 genere
1497 637 1796 707 bellorum,

234 752 461 793 cessare
499 754 658 792 nunc
698 735 914 805 videor,
957 753 1090 791 cum
1131 733 1282 791 bella
1320 752 1438 791 non
1480 751 1634 809 gero,
1716 731 1799 788 At

234 831 476 903 senatui,
523 849 650 905 quae
694 841 828 887 sunt
870 830 1143 906 gerenda,
1189 829 1520 905 praescribo,
1564 838 1622 885 et
1662 845 1799 903 quo-
1829 842 1861 892 5

230 925 438 983 modo:
482 926 841 1002 Carthagini,
884 926 1031 982 male
1067 926 1186 1000 jam
1215 924 1313 981 diu
1356 925 1653 1000 cogitanti,
1683 923 1799 981 bel-

228 1020 351 1078 lurn
398 1022 579 1079 multo
629 1031 760 1079 ante
808 1021 1119 1090 denunti03
1177 1020 1250 1077 de
1298 1020 1411 1094 qua
1459 1021 1641 1077 vereri
1680 1038 1799 1076 non

236 1126 368 1175 ante
409 1118 686 1190 desinam,
718 1137 887 1193 quam
929 1118 1084 1175 illam
1126 1117 1377 1174 excisam
1420 1134 1545 1173 esse
1587 1134 1799 1193 cogno-

196 1198 386 1271 'tera

308 1309 508 1371 ,Quam
551 1311 801 1386 palmam
847 1311 1068 1369 utinam
1116 1311 1218 1368 Dii
1267 1309 1617 1368 immortales
1669 1309 1795 1381 tibi,
1831 1313 1892 1362 10

226 1404 455 1482 Scipin,
503 1417 812 1480 reservent,
861 1417 925 1466 ut
974 1408 1062 1465 avi
1106 1407 1377 1482 reliquias
1417 1408 1797 1482 persequare!

232 1504 396 1579 cujus
426 1522 460 1560 a
483 1514 667 1561 morte
696 1504 793 1561 hic
814 1490 1016 1563 tertius
1036 1514 1095 1562 et
1122 1504 1445 1562 tricesimus
1464 1513 1551 1560 est
1580 1522 1794 1561 annus:

231 1599 333 1655 sed
373 1601 708 1658 memoriam
751 1600 906 1658 illius
946 1601 1052 1658 viri
1093 1601 1381 1676 excipient
1421 1619 1622 1657 omnes
1664 1597 1797 1655 anni

232 1706 666 1769 consequentes,
764 1696 942 1753 Anno
993 1706 1124 1752 ante
1172 1715 1263 1751 me
1310 1714 1609 1752 censorem
1652 1712 1800 1750 mor-

230 1800 364 1847 tuus
412 1801 516 1862 est,
553 1809 761 1847 novem
811 1791 976 1847 annis
1014 1801 1146 1865 post
1185 1810 1375 1847 meum
1417 1791 1797 1861 consulatum,
1833 1801 1893 1849 15

235 1903 372 1941 curn
412 1886 614 1941 consul
656 1886 883 1957 iterum,
925 1904 1018 1942 me
1061 1886 1320 1957 consule,
1363 1896 1590 1943 creatus
1630 1897 1795 1944 esset.

233 1980 394 2038 Num
436 1981 630 2058 igitur,
673 1982 722 2038 si
765 1982 835 2039 ad
877 1982 1256 2039 centesimum
1295 2001 1507 2040 annum
1548 1983 1797 2055 vixisset,

231 2078 547 2136 senectutis
574 2097 706 2135 eum
729 2098 846 2136 suae
872 2078 1216 2154 poeniteret'l
1278 2099 1388 2136 nec
1416 2080 1572 2136 enim
1600 2099 1801 2137 excur-

231 2173 414 2256 sione,
460 2193 573 2244 nec
612 2174 781 2246 saltu,
810 2193 922 2231 nec
962 2175 1189 2235 eminus
1230 2175 1428 2247 hastiS‚
1480 2185 1577 2232 aut
1625 2177 1801 2233 comi-

230 2289 339 2328 nus
366 2270 574 2348 gladiis
613 2280 901 2341 uteretur;
945 2271 1047 2328 sed
1088 2272 1352 2344 consili0,
1391 2272 1632 2343 ratione,
1675 2292 1801 2329 sen·
1830 2291 1893 2341 20

184 2397 192 2406 ’
229 2368 444 2437 tenti&
484 2386 610 2442 quae
637 2367 750 2424 nisi
778 2378 969 2425 essent
996 2368 1057 2424 in
1084 2368 1339 2439 senibuS,
1369 2386 1485 2424 non
1515 2387 1800 2425 summum

232 2462 540 2520 consilium
581 2462 827 2539 majores
865 2463 1048 2521 nostri
1091 2463 1471 2538 appellassent
1512 2464 1796 2521 Senatum.

233 2557 410 2633 Apud
457 2557 930 2617 Lacedaemonios
977 2558 1231 2634 quidem,
1283 2559 1325 2616 ii
1372 2559 1471 2633 qui
1527 2559 1802 2633 amplissi-

232 2671 392 2711 mum
446 2655 841 2731 magistratum
893 2665 1122 2732 gerunt,
1169 2664 1234 2712 ut
1287 2665 1439 2725 sunt,
1489 2655 1575 2712 sic
1628 2655 1802 2711 etiam

232 2749 624 2823 nominantur,
653 2771 836 2810 senes.
916 2751 1098 2813 Quod
1141 2752 1190 2809 si
1229 2751 1423 2828 legere
1466 2759 1563 2808 aut
1605 2749 1801 2807 audire
1829 2770 1893 2819 25

232 2845 437 2904 voletis
478 2856 731 2920 externa,
773 2847 1051 2906 maximas
1089 2846 1445 2923 respublicas
1487 2847 1557 2903 ab
1588 2846 1803 2906 adoles·-

233 2943 500 3000 centibus
522 2935 858 3017 labefactas,
891 2963 926 3003 a
948 2944 1185 3003 senibus
1225 2951 1569 3004 sustentatas
1604 2952 1663 3001 et
1687 2949 1801 3001 res'-

233 3038 452 3112 titutaS,
481 3040 794 3116 reperietis

206 3143 211 3148 .
704 3137 745 3195 2
762 3136 797 3171 4,
