2192 3550
754 335 841 383 nn
883 333 1289 383 summorum.
1828 324 1908 386 39

166 472 171 479 ’
242 483 559 559 appellant:
619 492 745 541 tum
799 481 1127 539 conditiora
1180 481 1320 538 facit
1375 481 1499 538 haec
1548 497 1811 557 superva-

241 580 408 636 canei
435 580 609 637 etiam
636 579 827 654 operis
857 578 1171 651 aucupium
1211 586 1379 652 atque
1406 577 1653 634 venatio.

315 676 480 736 Quid
533 675 606 731 de
659 683 979 749 pratorum.
1007 672 1316 743 viriditate,
1376 683 1474 729 aut
1542 674 1810 730 arborum

238 773 557 841 ordinibuS,
602 780 698 827 aut
739 770 1032 825 vinearum
1088 769 1546 844 olivetorumque
1594 770 1810 844 specie,

240 868 473 925 dicam‘i
557 866 728 923 Brevi
753 865 1080 940 praecidam.
1164 865 1327 940 Agro
1370 867 1516 921 bene
1546 866 1701 922 culto
1726 866 1807 922 nil
1840 869 1875 920 5

236 973 426 1039 potest
466 980 612 1032 esse,
654 979 765 1017 nec
808 978 915 1017 usu
956 960 1211 1030 uberius»,
1241 978 1352 1015 nec
1401 959 1596 1033 specie
1644 978 1810 1017 orna-

236 1059 385 1128 tius3
417 1057 489 1115 ad
509 1076 676 1132 quem
706 1056 1031 1126 fruendum,
1054 1074 1174 1112 non
1202 1054 1376 1111 modo
1396 1072 1516 1110 non
1538 1054 1808 1126 retardat,

213 1144 436 1211 'verum
463 1153 637 1210 etiam
664 1152 866 1209 invitat
889 1162 1055 1227 atque
1080 1151 1310 1207 allectat
1327 1159 1612 1207 senectus.
1693 1148 1810 1206 Ubi

236 1249 393 1305 enim
418 1258 607 1326 potest
635 1248 734 1306 illa
753 1258 890 1306 aetas
909 1258 1005 1306 aut
1027 1249 1317 1305 calescere
1339 1247 1426 1304 vel
1453 1246 1810 1322 apricatione

237 1345 443 1403 melius
497 1347 584 1404 vel
639 1346 794 1424 igni3
839 1355 938 1403 aut
991 1344 1246 1402 vicissim
1299 1344 1519 1401 umbris
1574 1343 1806 1419 aquisve
1838 1347 1901 1396 10

235 1442 561 1519 refrigerari
589 1443 914 1500 salubrius?
996 1441 1123 1499 Sibi
1154 1441 1327 1518 igitur
1351 1441 1602 1498 habeant
1630 1457 1806 1511 arma,
1857 1500 1872 1521 ι

236 1538 347 1595 sibi
383 1557 583 1614 equos,
627 1538 738 1595 sibi
778 1538 991 1609 hastas,
1034 1538 1146 1595 sibi
1186 1537 1428 1608 clavam,
1471 1536 1582 1593 sibi
1607 1535 1807 1610 pilam,

236 1635 346 1691 sibi
399 1635 722 1692 natationes
776 1643 834 1690 et
887 1652 1124 1690 cursus:
1194 1633 1363 1690 nobis
1428 1631 1682 1702 senibus,
1738 1648 1811 1686 ex

234 1730 555 1788 lusionibus
595 1729 810 1804 multiS,
853 1729 1002 1786 talos
1040 1728 1387 1801 relinquant,
1430 1736 1489 1783 et
1526 1735 1805 1783 tesseras:

236 1826 485 1901 idipsum
545 1822 791 1902 [utrum]
848 1822 1103 1892 lubebit3
1173 1822 1464 1896 quoniam,
1520 1820 1643 1877 sine
1696 1820 1805 1892 his,
1837 1833 1899 1882 15

236 1922 407 1978 beata
432 1937 560 1977 esse
586 1928 857 1976 senectus
894 1927 1103 1994 potest.

312 2113 512 2171 XVII.
595 2110 814 2169 Multas
857 2112 928 2169 ad
967 2127 1060 2169 res
1098 2111 1373 2186 perutiles
1401 2111 1808 2188 Xenophontis

233 2210 366 2268 libri
419 2220 581 2268 sunt:
651 2228 796 2284 quos
860 2209 1056 2286 legite,
1113 2227 1327 2285 quaeso,
1397 2210 1672 2281 studiose,
1741 2219 1808 2266 ut

235 2307 439 2365 facitis
519 2306 722 2369 Quam
750 2306 989 2381 copiose
1021 2307 1093 2363 ab
1134 2325 1206 2362 eo
1236 2306 1588 2382 agricultura
1612 2305 1807 2363 lauda-

219 2413 326 2461 -tur
368 2404 428 2461 in
468 2422 539 2460 eo
577 2404 747 2474 libro,
790 2402 889 2478 qui
928 2412 1017 2459 est
1058 2402 1131 2458 de
1169 2402 1389 2459 tuenda
1428 2420 1491 2458 re
1519 2401 1805 2473 familiari,
1834 2396 1897 2445 2⁰

237 2499 336 2574 qui
403 2506 440 2531 “
463 2499 941 2557 OEconomicus'’
1012 2498 1380 2555 inscribitur!
1463 2498 1677 2572 Atque,
1743 2507 1809 2553 ut

238 2594 588 2669 intelligatis,
644 2595 788 2653 nihil
843 2595 900 2652 ei
953 2606 1072 2652 tam
1139 2594 1333 2670 regale
1387 2593 1567 2649 videri
1634 2610 1807 2666 quarn

238 2689 491 2747 studium
559 2692 679 2767 agri
745 2691 996 2763 colendi,
1067 2692 1337 2747 Socrates
1391 2689 1450 2745 in
1520 2705 1591 2744 eo
1658 2688 1807 2744 libro

236 2785 490 2860 loquitur
519 2803 652 2842 cum
680 2786 1003 2858 Critobulo,
1033 2787 1252 2861 Cyrum
1279 2784 1581 2854 minorem,
1611 2801 1808 2860 regem

236 2882 562 2951 Persarum,
613 2893 981 2956 praestantem
1036 2882 1274 2959 ingenio
1345 2891 1515 2955 atque
1581 2879 1808 2958 imperii
1834 2872 1899 2922 25

236 2977 441 3058 gloria,
484 2996 619 3035 cum
659 2977 953 3053 Lysander
993 2976 1492 3048 Lacedaemonius,
1536 2975 1619 3033 vir
1658 2995 1809 3034 snm·

236 3093 344 3133 mae
373 3073 619 3146 virtutis,
647 3073 902 3132 venisset
930 3073 1002 3132 ad
1030 3091 1166 3132 eum
1207 3073 1429 3147 Sardis,
1458 3072 1630 3150 eique
1655 3072 1810 3131 dona
