2192 3550
794 313 881 361 nr:
917 312 1325 362 semorum.
1711 314 1715 318 *
1858 303 1937 363 45

276 472 382 534 rat,
425 461 522 520 hic
555 462 674 538 jam
714 471 1064 519 consecutus
1104 470 1207 520 est.
1287 460 1397 519 Ille
1449 461 1571 519 vult
1622 459 1723 517 diu
1763 459 1843 517 vi-

275 576 439 616 vere:
482 559 579 616 hic
619 558 720 615 diu
760 558 916 615 vixit.
996 556 1355 632 Quanquam
1386 557 1452 636 (o
1493 557 1596 615 Dii
1623 556 1838 636 bonii)

273 654 410 729 quid
438 665 526 712 est
565 655 625 712 in
665 654 916 711 hominis
942 654 1060 710 vita
1101 654 1241 712 diu?
1321 653 1417 712 Da
1453 655 1610 711 enim
1651 671 1844 728 supre-

271 770 430 808 mum
473 761 734 825 tempus:
778 759 1179 824 exspectemus
1218 748 1647 808 Tartessiorum
1688 749 1842 827 regis

272 858 535 905 aetatem:
579 829 686 903 su'it
726 845 881 902 enim
925 843 1018 922 (ut
1057 845 1335 920 scriptum
1375 846 1572 926 video)
1615 846 1840 924 Argan-
1870 856 1903 905 5

269 943 503 1000 thonius
531 942 763 1017 quidam
791 940 1071 1012 Gadibus,
1103 941 1202 1016 qui
1242 941 1542 1018 octoginta
1579 942 1838 1018 regnavit

271 1058 472 1109 annos,
502 1046 736 1095 centum
764 1046 822 1094 et
848 1036 1053 1113 viginti
1082 1036 1255 1094 vixit:
1299 1037 1402 1094 sed
1430 1037 1573 1094 mihi
1601 1057 1676 1094 ne
1716 1037 1841 1095 diu·

268 1144 501 1191 turnum
556 1132 786 1208 quidem
826 1133 1140 1208 quidquam
1181 1132 1428 1205 videtur,
1484 1133 1545 1191 in
1594 1152 1709 1209 quo
1752 1143 1839 1191 est
1891 1174 1894 1179 «

271 1230 489 1304 aliquid
513 1239 846 1287 extremum.
931 1229 1083 1287 Cum
1112 1230 1268 1286 enim
1296 1230 1356 1287 id
1387 1229 1652 1301 advenit3
1695 1239 1838 1288 tunc

268 1325 430 1398 illud,
473 1326 626 1401 quod
664 1325 960 1402 praeteriit,
1002 1326 1252 1383 effluxit:
1295 1335 1517 1384 tantum
1558 1335 1835 1399 remanet,
1870 1325 1932 1376 1⁰

267 1423 422 1497 quod
487 1422 696 1480 virtute
762 1432 822 1481 et
886 1431 1047 1480 recte
1114 1422 1282 1480 factis
1337 1432 1685 1480 consecutus
1738 1422 1834 1479 sis·

266 1517 443 1578 Horae
497 1519 730 1595 quidem
784 1519 1020 1590 cedunt,
1076 1529 1137 1576 et
1188 1518 1331 1590 dies,
1387 1528 1446 1576 et
1488 1537 1735 1590 menses,
1778 1527 1839 1575 et

267 1615 439 1685 anni3
481 1634 594 1673 nec
639 1615 991 1689 praeteritum
1035 1624 1262 1689 tempus
1309 1633 1562 1689 unquam
1604 1613 1839 1672 reverti-

264 1720 378 1783 tur,
432 1729 564 1782 nec,
620 1710 759 1785 quid
813 1719 1103 1786 sequatur,
1160 1708 1297 1765 sciri
1347 1717 1548 1784 potest.
1654 1707 1838 1770 Quod

265 1806 477 1881 cuique
522 1806 796 1882 temporis
842 1807 913 1862 ad
960 1805 1268 1862 vivendum
1315 1804 1501 1875 datur,
1547 1820 1618 1860 eo
1665 1802 1838 1861 debet
1870 1810 1932 1859 15

265 1920 393 1960 esse
434 1913 757 1958 contentus,
840 1899 1051 1974 Neque
1091 1899 1247 1956 enim
1289 1898 1574 1971 histrioni,
1617 1910 1683 1957 ut
1719 1900 1839 1976 pla·

265 2007 414 2071 ceat,
442 1997 773 2075 peragenda
798 2005 885 2053 est
911 1995 1124 2067 fabula,
1154 1995 1347 2067 modo,
1379 1995 1440 2053 in
1469 2014 1837 2072 quocumque

265 2095 436 2154 suerit
479 2104 631 2165 actu,
671 2094 976 2169 probetur3
1020 2110 1208 2167 neque
1256 2091 1501 2168 sapienti
1540 2112 1724 2168 usque
1766 2093 1838 2151 ad

265 2198 303 2225 “
321 2190 638 2250 Plaudite”
670 2188 992 2247 vivendum.

342 2289 525 2346 Breve
552 2286 710 2344 enim
737 2295 963 2361 tempus
990 2284 1176 2342 aetatis
1203 2283 1342 2342 satis
1369 2293 1458 2341 est
1495 2284 1734 2362 longum
1762 2285 1836 2343 ad
1868 2289 1931 2338 20

263 2385 410 2441 bene
465 2384 818 2456 honesteque
879 2380 1203 2438 vivendum.
1313 2379 1420 2437 Sin
1485 2381 1838 2455 processeris

262 2479 513 2555 longius,
542 2498 659 2535 non
681 2476 866 2553 magis
894 2475 1208 2532 dolendum
1236 2484 1342 2546 est,
1367 2494 1538 2548 quam
1569 2475 1836 2552 agricolae

266 2574 483 2644 dolent,
510 2573 801 2648 praeterita
828 2572 990 2630 verni
1030 2570 1307 2646 temporis
1348 2571 1647 2641 suavitate,
1679 2580 1840 2628 aesta·

263 2680 381 2728 tem
444 2678 891 2743 autumnumque
962 2666 1203 2724 venisse.
1313 2665 1432 2722 Ver
1503 2665 1660 2722 enim
1715 2675 1839 2723 tan-

264 2783 436 2843 quam
467 2764 911 2823 adolescentiam
939 2762 1249 2839 significat,
1279 2761 1644 2835 ostenditque
1687 2761 1839 2820 sruc-
1868 2774 1932 2825 25

262 2873 358 2921 tus
385 2861 640 2918 futuros:
682 2859 904 2935 reliqua
942 2869 1203 2933 tempora
1242 2855 1600 2914 demetendis
1641 2857 1839 2917 fructi-

263 2960 373 3018 bus
399 2966 458 3014 et
484 2953 871 3032 percipiendis
894 2953 1332 3013 accommodata
1352 2962 1501 3010 sunt.
1584 2953 1837 3013 Fructus

265 3065 459 3114 autem
473 3050 791 3111 senectutis
809 3060 897 3110 est
919 3050 1011 3129 (ut
1038 3069 1191 3127 saepe
1218 3049 1367 3129 dixi)
1393 3058 1526 3108 ante
1540 3061 1838 3127 partorum
