2192 3550
322 302 403 365 82
556 373 558 376 Α
732 320 1005 381 LAELmS,
1039 319 1189 369 snm:
1222 321 1311 369 nn
1347 322 1660 371 mermi.

420 467 699 541 colantur,
728 479 793 528 ut
819 469 881 542 ii,
910 470 1027 546 qui,
1055 472 1261 548 opibus
1297 483 1358 531 et
1395 473 1596 550 copiis,
1625 473 1995 552 maximeque

419 566 626 624 virtute
664 568 891 642 praediti
929 567 1017 645 (in
1058 570 1173 645 quii
1210 571 1516 646 plurimum
1556 581 1643 629 est
1680 572 1989 653 praesidii),

417 662 654 718 minime
695 663 927 722 alterius
968 665 1284 742 indigeant,
1326 667 1710 727 liberalissimi
1750 668 1883 740 sint,
1927 679 1992 726 et

417 757 939 831 beneficentissimi.
1022 761 1215 836 Atque
1255 763 1408 821 haud
1449 764 1592 835 sci0,
1623 783 1695 821 an
1731 782 1804 820 ne
1840 783 1990 839 opus

352 858 388 907 5
417 852 491 910 sit
516 854 764 928 quidem,
794 855 938 913 nihil
968 876 1218 932 unquam
1247 860 1487 916 omnino
1527 860 1726 918 deesse
1765 860 1984 918 amicis.

415 948 530 1006 Ubi
571 951 727 1011 enim
766 952 956 1010 studia
993 953 1559 1031 nostra‘viguissent,
1601 956 1650 1013 si
1691 974 1988 1031 nunquam

415 1045 679 1118 consili0,
721 1065 1012 1124 nunquam
1053 1048 1228 1124 opera
1273 1050 1485 1122 nostra,
1526 1069 1638 1108 nec
1679 1050 1832 1107 domi
1871 1069 1989 1109 nec

414 1132 653 1214 militiae,
684 1143 881 1219 Scipio
920 1145 1216 1220 eguisset?
1295 1144 1433 1201 Non
1471 1146 1647 1221 igitur
1680 1138 1987 1205 utilitatem

417 1237 689 1311 amicitia,
718 1240 819 1296 sed
847 1240 1060 1299 utilitas
1090 1239 1419 1312 amicitiam,
1449 1236 1763 1300 consecuta
1788 1253 1891 1300 est.

326 1436 388 1487 10
474 1430 625 1489 XV.
684 1432 744 1490 N
747 1452 822 1490 on
862 1450 1000 1509 ergo
1041 1441 1209 1488 erunt
1249 1430 1510 1488 homines
1550 1431 1774 1488 deliciis
1801 1432 1989 1493 difflu-

415 1538 577 1586 entes
618 1528 904 1598 audiendi‚
934 1528 982 1584 si
1019 1527 1246 1601 quando
1271 1528 1343 1584 de
1373 1528 1646 1600 amicitia,
1675 1547 1844 1604 quam
1871 1549 1986 1589 nec

414 1643 523 1681 usu
562 1628 673 1682 'nec
712 1624 932 1681 ratione
972 1624 1187 1680 habent
1241 1623 1551 1700 cognitam,
1594 1625 1981 1701 disputabunt.

414 1719 475 1777 N
480 1739 570 1779 am
587 1720 712 1796 quis
728 1728 833 1791 est,
858 1717 990 1796 (pro
1007 1719 1197 1778 Deum
1219 1720 1410 1793 fidem,
1432 1730 1601 1797 atque
1622 1723 1917 1781 hominum
1934 1723 1979 1803 l)

418 1817 515 1891 qui
555 1815 708 1887 velit,
737 1824 803 1873 ut
840 1833 1027 1892 neque
1069 1816 1272 1893 diligat
1300 1835 1674 1893 quemquam,
1711 1838 1822 1876 nec
1861 1819 1982 1894 ipse

326 1927 388 1978 15
420 1913 491 1970 ab
530 1912 649 1972 ullo
690 1910 981 1987 diligatur,
1025 1912 1427 1970 circumfluere
1471 1915 1739 1972 omnibus
1779 1914 1980 1989 copiis,

420 2018 587 2080 atque
641 2006 700 2063 in
754 2007 1015 2063 omnium
1079 2027 1269 2068 rerum
1340 2010 1691 2068 abundantia
1755 2010 1980 2068 vivere?

418 2102 565 2158 Haec
591 2103 746 2160 enim
773 2112 860 2160 est
890 2112 1261 2177 tyrannorum
1289 2105 1439 2176 vita3
1483 2106 1542 2162 in
1572 2105 1685 2179 quii
1711 2104 1982 2162 nimirum

415 2197 574 2254 nulla
612 2197 771 2269 fideS,
813 2198 973 2256 nulla
1012 2200 1242 2274 cai-itast,
1284 2201 1442 2259 nulla
1479 2199 1698 2257 stabilis
1738 2200 1982 2256 benevo-

415 2278 604 2350 lentiae
631 2303 816 2368 potest
842 2314 968 2352 esse
995 2295 1244 2355 fiducia:
1287 2296 1480 2354 omnia
1505 2312 1725 2369 semper
1752 2312 1982 2369 suspec-

321 2403 386 2453 20
416 2400 493 2461 ta,
525 2400 691 2465 atque
717 2390 996 2449 sollicita:
1038 2393 1231 2450 nullus
1256 2392 1420 2449 locus
1449 2389 1730 2447 amicitiae.

490 2487 647 2548 Quis
687 2487 841 2545 enim
883 2498 980 2545 aut
1019 2507 1152 2546 eum
1194 2488 1393 2563 diligat
1429 2503 1599 2560 quem
1630 2487 1851 2559 metuit,
1883 2500 1978 2547 aut

416 2603 547 2642 eum
571 2604 604 2642 a
622 2603 734 2659 quo
755 2603 817 2641 se
839 2583 1016 2641 metui
1034 2585 1234 2659 putat?
1291 2581 1574 2638 Coluntur
1595 2591 1788 2640 tamen
1809 2584 1979 2641 simu-

413 2679 628 2757 latione
668 2680 942 2737 duntaxat
983 2679 1053 2736 ad
1092 2688 1331 2753 tempus,
1410 2675 1593 2738 Quod
1629 2679 1677 2736 si
1714 2679 1858 2737 forte
1888 2679 1976 2757 (ut

415 2777 479 2833 fit
515 2776 875 2854 plerumque)
906 2773 1240 2844 ceciderint,
1267 2782 1388 2830 tum
1424 2773 1779 2851 intelligitur,
1808 2794 1973 2850 quam

321 2888 389 2937 25
419 2871 628 2947 fuerint
649 2871 849 2945 inopes
878 2869 1194 2925 amicorum
1218 2888 1231 2925 ε
1273 2869 1426 2944 quod
1455 2869 1836 2945 Tarquinium
1859 2870 1973 2927 dix·

420 2965 531 3022 isse
563 2964 771 3035 ferunt,
800 2974 921 3022 tum
960 2962 1315 3022 exsulantem
1343 2984 1405 3023 se
1432 2966 1798 3036 intellexisse,
1832 2983 1970 3040 quos

415 3057 559 3119 fidos
611 3059 828 3119 amicos
878 3057 1191 3134 habuisset,
1230 3080 1374 3137 quos
1425 3062 1651 3136 infidos,
1691 3078 1824 3121 cum
1855 3059 1969 3135 jam
