2192 3550
830 272 923 320 m:
955 273 1364 321 smel-um.
1447 326 1450 329 ,
1855 263 1939 323 49

259 421 546 482 nectutis:
590 422 746 499 quod
774 441 911 481 eum
952 422 1164 496 evenit,
1193 423 1429 483 satietas
1455 423 1587 482 vitae
1614 433 1843 500 tempus

260 529 551 579 maturum
576 520 780 579 mortis
809 520 988 580 affert.
1064 597 1079 623 1

338 710 512 771 XXI.
595 712 888 788 Equidem
940 731 1060 771 non
1114 713 1305 786 video,
1362 732 1488 786 our,
1538 714 1678 790 quid
1721 713 1844 790 ipse

261 808 511 867 sentiam
564 808 639 867 de
693 819 899 880 morte,
945 828 1064 866 non
1116 811 1359 868 audeam
1403 810 1566 868 vobis
1612 810 1841 881 dicere3

262 906 419 981 quod
448 924 521 963 eo
548 905 757 963 melius
798 904 942 961 mihi
971 924 1213 964 cernere
1252 906 1467 978 videor,
1498 925 1613 981 quo
1658 907 1729 963 ab
1773 906 1844 963 οὔ,
1871 908 1905 957 5

260 1002 498 1078 propius
547 1003 764 1059 absum.
847 1001 979 1079 Ego
1018 1012 1243 1061 vestros
1268 1012 1479 1078 patrea,
1524 1002 1588 1060 P.
1623 1002 1842 1077 Scipio,

262 1107 459 1172 tuque,
501 1098 570 1156 C.
601 1098 764 1170 Laeli,
792 1098 947 1155 viros
988 1098 1362 1171 clarissimos,-
1392 1099 1651 1174 mihique
1703 1098 1842 1156 ami·

264 1193 550 1267 cissim08‚
580 1195 771 1253 vivere
801 1196 1068 1267 arbitror,
1100 1204 1159 1252 et
1198 1212 1328 1254 eam
1370 1196 1605 1270 quidem
1645 1195 1846 1275 vitam,

262 1308 390 1366 quae
431 1301 518 1349 est
558 1293 683 1350 sola
720 1293 841 1350 vita
873 1293 1246 1350 nominanda.
1328 1292 1505 1365 Nam,
1560 1293 1698 1350 dum
1753 1312 1821 1350 su

262 1407 391 1446 mus
419 1388 480 1446 in
508 1389 599 1449 his
627 1389 839 1447 inclusi
882 1390 1263 1466 compagibus
1292 1390 1572 1465 eorporis,
1603 1408 1842 1447 munere
1874 1388 1936 1438 1⁰

262 1485 511 1560 quodam
538 1487 920 1558 necessitatiS,
952 1497 1009 1543 et
1038 1487 1200 1563 gravi
1229 1505 1404 1561 opere
1420 1487 1838 1563 perfungimur.

262 1581 369 1640 Est
394 1583 551 1640 enim
581 1583 805 1640 animus
833 1583 1084 1640 eoelestis
1112 1602 1185 1639 ex
1228 1584 1506 1649 altissimo
1537 1583 1839 1639 domicilio

262 1678 587 1755 depr-essue,
630 1689 690 1736 et
730 1679 899 1754 quasi
941 1679 1240 1736 demersus
1282 1678 1342 1735 in
1384 1689 1616 1749 terram,
1646 1678 1843 1735 locum

262 1775 471 1836 divinae
513 1784 753 1846 naturae,
797 1775 1235 1850 aeternitatique,
1275 1774 1645 1831 contrarium.
1725 1773 1843 1831 Sed

262 1871 459 1943 oredo,
490 1870 651 1928 Deos
680 1870 1029 1928 immortales
1058 1871 1333 1947 sparsisse
1365 1869 1591 1929 animos
1620 1870 1679 1928 in
1718 1890 1843 1928 eor·
1873 1888 1935 1937 15

259 1987 405 2046 pora
450 1967 721 2040 humana,
764 1977 827 2025 ut
871 1977 1082 2039 essent,
1133 1968 1232 2043 qui
1285 1978 1467 2026 terras
1521 1978 1840 2042 tuerentur,

262 2065 493 2143 quique,
524 2063 846 2122 ooelestium
888 2063 1152 2121 ordinem
1192 2064 1674 2140 contemplanteS,
1717 2065 1843 2123 imi-

260 2171 518 2220 tarentur
547 2178 679 2219 eum
707 2161 840 2222 vitae
869 2160 1042 2218 modo
1073 2171 1242 2236 atque
1272 2161 1621 2219 constantia.
1707 2161 1768 2219 N
1770 2181 1842 2220 eo

260 2277 353 2317 me
381 2259 567 2318 solum
594 2257 742 2315 ratio
773 2276 842 2315 ae
871 2257 1181 2332 disputatio
1210 2257 1456 2333 impulit,
1487 2267 1551 2315 ut
1593 2257 1673 2315 ita
1721 2277 1844 2317 ere-

260 2354 479 2427 derem,
521 2355 624 2412 sed
665 2355 938 2412 nobilitas
978 2354 1154 2411 etiam
1196 2372 1551 2412 summorum
1590 2354 1843 2429 philoso-
1870 2358 1935 2408 20

259 2449 526 2526 phorum,
556 2461 616 2509 et
645 2451 972 2509 auctoritas,

344 2544 672 2603 Audiebam
714 2546 1124 2623 Pythagoram,
1173 2544 1705 2621 Pythagoreosque,
1754 2544 1844 2601 in·

265 2639 425 2698 colas
450 2657 614 2716 paene
640 2652 888 2714 nosti-m,
918 2642 1016 2717 qui
1043 2650 1239 2699 essent
1281 2640 1475 2698 Italici
1513 2639 1842 2716 philosophi

265 2735 556 2812 quondam
582 2738 881 2811 nominati,
910 2757 1208 2813 nunquam
1251 2737 1568 2808 dubitasse,
1598 2736 1739 2810 quin
1770 2754 1843 2794 ex

263 2831 534 2893 universa.
560 2843 752 2890 mente
780 2834 977 2892 divina
1018 2834 1304 2895 delibatos
1334 2833 1557 2891 animos
1606 2833 1842 2890 habere-
1868 2842 1935 2892 25

262 2948 408 2991 mus.
516 2928 1075 2989 Demonstrabantur
1142 2931 1285 2988 mihi
1348 2939 1645 3006 praterea,
1714 2950 1841 3006 quae

264 3027 538 3089 Socrates
563 3044 833 3103 supremo
858 3027 989 3085 vitae
1017 3026 1113 3085 die
1142 3027 1217 3085 de
1263 3026 1693 3086 immortalitate
1722 3027 1842 3086 ani·

654 3124 697 3183 5
