2192 3550
276 267 353 329 16
850 283 1025 331 cuo
1062 282 1294 343 maron,
1331 280 1458 332 ssu

363 428 541 503 canii,
582 447 715 487 cum
753 430 1167 505 rempublicam
1208 430 1451 490 consilio
1490 438 1549 488 et
1590 429 1928 489 auctoritate

364 526 762 597 defendebant,
791 525 935 584 nihil
966 528 1252 603 agebant?

440 621 538 679 Ad
564 621 714 697 App.
744 621 977 679 Claudii
1003 634 1361 681 senectutem
1389 622 1703 680 accedebat
1730 621 1924 694 etiam,

364 727 428 775 ut
480 736 671 775 cincus
723 727 906 776 esset:
969 728 1027 777 et
1078 729 1273 777 tamen
1328 719 1396 792 is,
1453 737 1587 775 cum
1642 718 1929 776 sententia

299 824 333 874 5
364 813 595 872 senatus
622 814 925 873 inclinaret
953 816 1023 873 ad
1048 834 1273 892 pacem,
1301 825 1360 872 et
1387 814 1571 873 foedus
1598 813 1928 873 faciendum

365 930 500 969 cum
525 910 766 988 Pyrrh0,
794 931 914 970 non
941 912 1220 970 dubitavit
1246 911 1441 969 dicere
1467 911 1586 985 illa,
1603 930 1729 988 quoe
1755 909 1929 969 versi-

365 1009 473 1069 bus
497 1019 835 1086 persecutus
862 1018 949 1066 est
975 1008 1236 1066 Ennius:

485 1165 518 1194 “
539 1163 656 1220 Quo
676 1162 815 1212 vobis
835 1167 1046 1225 mentes,
1066 1167 1215 1211 rectae
1238 1177 1349 1225 quae
1371 1168 1499 1212 stare
1522 1163 1746 1235 solebant

537 1242 785 1304 Antehac,
805 1242 1060 1291 dementes
1081 1257 1190 1292 sese
1212 1241 1396 1292 flexere
1423 1243 1547 1308 [via]
1566 1246 1586 1292 ?
1606 1243 1637 1265 ”

273 1387 335 1437 10
367 1394 686 1463 caeteraque
714 1385 1080 1464 gravissime:
1110 1394 1313 1443 notum
1334 1386 1489 1444 enim
1510 1386 1673 1444 vobis
1696 1403 1928 1444 carmen

365 1493 485 1541 est:
528 1495 586 1541 et
624 1495 816 1542 tamen
857 1483 1036 1558 ipsius
1075 1483 1256 1560 Appii
1296 1491 1451 1541 extat
1491 1483 1709 1540 oratio:
1761 1491 1930 1557 atque

365 1580 518 1638 hanc
558 1580 653 1638 ille
693 1580 812 1658 egit
852 1589 1067 1655 septem
1108 1589 1167 1637 et
1194 1579 1395 1637 decem
1424 1598 1605 1637 annos
1639 1588 1769 1655 post
1797 1578 1932 1636 alte-

366 1695 495 1734 rum
548 1677 927 1748 consulatum,
982 1695 1118 1733 cum
1172 1675 1323 1733 inter
1384 1677 1531 1734 duos
1598 1674 1931 1733 consulatus

369 1773 505 1832 anni
533 1774 734 1832 decem
773 1770 1237 1845 interfluxissent,
1267 1791 1585 1848 censorque
1627 1782 1758 1830 ante
1795 1789 1934 1829 con-

274 1872 337 1923 15
369 1870 613 1928 sulatum
641 1869 991 1945 superiorem
1016 1868 1234 1928 fuisset.
1317 1869 1410 1928 Ex
1429 1889 1543 1945 quo
1571 1867 1932 1946 intelligitur,

368 1964 574 2040 Pyrrhi
600 1965 753 2022 bello
780 1965 1055 2042 grandem
1095 1985 1234 2024 sane
1275 1966 1485 2023 fuisse:
1528 1974 1586 2023 et
1626 1974 1818 2022 tamen
1844 1963 1933 2021 sic

371 2080 406 2119 a
428 2061 684 2137 patribus
726 2062 1069 2137 accepimus„

336 2145 349 2157 ’
445 2156 611 2215 Nihil
640 2158 812 2235 igitur
843 2158 1104 2229 afferunt,
1134 2156 1233 2233 qui
1262 2156 1322 2213 in
1349 2175 1411 2213 re
1438 2155 1693 2233 gerenda
1718 2154 1932 2213 versari

369 2263 722 2312 senectutem
760 2263 1007 2330 negant:
1050 2253 1377 2327 similesque
1416 2262 1550 2310 sunt
1577 2252 1668 2324 iis,
1698 2251 1797 2328 qui
1833 2270 1934 2330 gu-

275 2349 339 2401 20
368 2351 730 2408 bernatorem
756 2350 818 2407 in
844 2350 1168 2426 navigando
1198 2368 1367 2426 agere
1394 2349 1537 2407 nihil
1561 2348 1777 2420 dicant,
1800 2367 1933 2406 cum

373 2446 470 2505 alii
513 2445 693 2504 malos
735 2445 1034 2517 scandant,
1079 2445 1175 2502 alii
1216 2464 1316 2520 per
1359 2444 1513 2501 foros
1555 2454 1806 2517 cursent,
1838 2444 1932 2503 alii

371 2542 654 2602 sentinam
680 2541 1015 2599 exhauriant
1032 2562 1046 2612 ;
1091 2541 1187 2598 ille
1217 2551 1425 2612 autem,
1454 2541 1676 2599 clavum
1710 2550 1932 2612 tenensi,

371 2639 570 2698 sedeat
620 2638 680 2696 in
731 2638 907 2714 puppi
948 2638 1191 2713 quietus·
1273 2637 1413 2694 Non
1456 2636 1631 2695 faciat
1670 2657 1760 2710 ea,
1808 2656 1933 2712 quae

379 2735 651 2812 juvenes:
696 2745 753 2792 at
778 2753 912 2791 vero
940 2734 1124 2791 multo
1160 2734 1377 2810 majora
1416 2744 1474 2790 et
1512 2734 1752 2791 meliora
1777 2731 1930 2789 facit.

277 2837 341 2888 25
370 2830 511 2889 Non
537 2831 773 2904 viribuS,
798 2840 894 2889 aut
920 2830 1342 2902 velocitatibuS,
1374 2839 1469 2887 aut
1492 2830 1784 2888 celeritate
1811 2845 1935 2884 cor-

372 2946 595 3005 porum,
635 2947 728 2987 res
767 2946 989 3005 magnae
1030 2936 1325 3004 geruntur,
1367 2926 1469 2984 sed
1510 2924 1772 2996 consili0,
1803 2941 1935 2980 auc-

373 3026 622 3101 toritate,
652 3025 968 3097 sententia3
999 3023 1206 3100 quibus
1230 3042 1350 3083 non
1378 3024 1551 3084 modo
1577 3040 1693 3082 non
1720 3019 1931 3093 orbari,
