2192 3550
536 314 825 381 JLAELIUS‚
856 322 1004 369 SIVE
1043 318 1132 369 DE
1166 321 1479 369 AMICITIA.
1800 307 1875 365 71

302 469 410 530 IX.
488 472 668 534 Quod
698 473 748 530 si
773 483 935 530 tanta
960 472 1044 529 vis
1069 472 1374 547 probitatis
1408 481 1513 544 est,
1542 479 1606 529 ut
1637 488 1784 542 eam,

224 567 311 624 vel
366 569 427 626 in
480 569 563 626 eis
618 588 760 644 quos
807 587 1101 643 nunquam
1150 569 1412 640 vidimuS,
1461 569 1548 625 vel
1606 566 1789 645 (quod

222 665 416 740 majusv
445 668 559 744 est)
599 666 659 722 in
702 666 865 722 hoste
906 666 1100 736 etiam,
1131 665 1468 741 diligamus3
1513 664 1649 739 quid
1686 663 1789 720 mi·
1853 692 1864 709 ι

223 780 370 832 rum,
400 762 449 818 si
480 762 654 818 animi
696 761 991 818 hominum
1021 773 1375 832 moveantur,
1405 780 1538 818 cum
1566 778 1785 831 eorum,

224 857 565 931 quibuscum
593 876 701 914 usu
735 857 1030 931 conjuncti
1070 876 1197 913 esse
1235 867 1495 932 possunt,
1523 857 1787 914 virtutem
1820 867 1852 916 5

223 963 283 1011 et
323 954 639 1010 bonitatem
666 954 990 1028 perspicere
1017 953 1357 1009 videantur?
1436 951 1790 1026 Quanquam

225 1049 595 1106 confirmatur
624 1050 781 1105 amor
817 1059 876 1106 et
911 1048 1196 1106 beneficio
1227 1058 1486 1123 accept0,
1515 1057 1574 1104 et
1601 1047 1791 1104 studio

222 1154 546 1219 perspecto,
602 1155 660 1201 et
711 1146 1133 1203 consuetudine
1201 1144 1471 1221 adjuncta
1502 1164 1515 1200 :
1585 1144 1792 1218 quibus

226 1241 397 1297 rebus
440 1241 510 1298 ad
551 1241 712 1298 illum
741 1241 988 1317 primum
1018 1252 1239 1299 motum
1269 1241 1444 1298 animi
1483 1251 1542 1298 et
1584 1240 1793 1297 amoris

224 1337 514 1409 adhibitis,
539 1338 887 1396 admirabilis
915 1339 1173 1413 quaedam
1202 1332 1522 1395 exardescit
1550 1339 1795 1394 benevo-
1826 1345 1887 1394 10

116 1448 127 1461 ‘
222 1433 419 1497 lentiae,
453 1435 825 1512 magnitud03
876 1455 1046 1510 quam
1088 1436 1137 1493 si
1179 1435 1277 1510 qui
1322 1445 1528 1511 putant
1576 1436 1646 1491 ab
1693 1434 1795 1490 im-

224 1529 534 1588 becillitate
586 1531 897 1606 proficisci,
941 1542 1003 1588 ut
1051 1532 1144 1602 sit,
1184 1549 1286 1605 per
1334 1549 1505 1604 quem
1553 1530 1793 1604 quisque

225 1635 577 1700 assequatur,
608 1626 761 1700 quod
789 1627 1077 1682 desideret
1101 1647 1114 1694 3
1159 1626 1433 1682 humilem
1460 1643 1599 1680 sane
1625 1624 1795 1681 relin-

224 1730 426 1795 quunt,
474 1729 534 1777 et
587 1722 825 1778 minime
877 1739 1220 1797 generosum
1276 1718 1368 1795 (ut
1421 1719 1501 1777 ita
1553 1718 1793 1797 dicam),

225 1826 415 1874 ortum
445 1816 731 1887 amicitiae,
755 1835 925 1890 quam
955 1835 1026 1872 ex
1053 1815 1251 1890 inopia
1281 1826 1449 1889 atque
1478 1815 1797 1891 indigentia
1828 1822 1890 1871 15

225 1922 420 1971 natam
451 1911 663 1968 volunt.

303 2007 486 2070 Quod
512 2006 564 2064 si
598 2007 678 2066 ita
717 2018 867 2065 esset
895 2028 909 2078 ;
959 2017 1023 2066 ut
1050 2008 1291 2084 quisque
1318 2009 1618 2068 minimum
1647 2010 1707 2067 in
1734 2024 1808 2068 se·

226 2123 354 2162 esse
396 2103 783 2176 arbitraretur,
823 2105 903 2162 ita
945 2105 1015 2162 ad
1058 2105 1372 2163 amicitiam
1398 2117 1551 2164 esset
1580 2106 1800 2183 aptissi-

224 2220 352 2258 mus
382 2220 395 2258 :
440 2199 594 2274 quod
633 2200 806 2277 longe
847 2219 1016 2257 secus
1056 2211 1159 2260 est.
1242 2202 1321 2259 Ut
1360 2202 1515 2259 enim
1558 2203 1798 2278 quisque

225 2296 336 2354 sibi
380 2296 691 2372 plurimum
739 2298 998 2369 confidit,
1048 2308 1107 2355 et
1152 2309 1215 2355 ut
1263 2299 1502 2374 quisque
1551 2299 1798 2356 maxime
1827 2309 1890 2357 20

224 2392 434 2450 virtute
487 2402 545 2450 et
598 2394 881 2468 sapientia
935 2394 1021 2451 sic
1068 2396 1326 2453 munitus
1372 2406 1478 2467 est,
1528 2406 1592 2454 ut
1637 2395 1797 2452 nullo
1874 2403 1888 2423 ‘¹

227 2497 414 2563 egeat,
455 2507 671 2564 suaque
709 2489 906 2547 omnia
945 2490 1004 2547 in
1040 2510 1110 2547 -se
1150 2491 1275 2565 ipso
1314 2492 1502 2566 posita
1536 2490 1795 2567 judicet3

230 2580 311 2639 ita
349 2581 409 2638 in
453 2583 719 2644 amicitiis
761 2586 1095 2661 expetendis
1137 2585 1510 2660 colendisque
1552 2585 1798 2643 maxime

230 2676 474 2735 excellit.
555 2678 719 2740 Quid
767 2682 922 2739 enim
972 2681 1286 2739 Africanus
1334 2681 1599 2757 indigens
1642 2681 1797 2738 mei?

231 2771 495 2844 Minime,
537 2774 773 2833 hercle:
819 2796 889 2835 ac
927 2797 1003 2835 ne
1042 2797 1153 2854 ego
1193 2778 1423 2853 quidem
1465 2777 1654 2835 illius:
1698 2777 1798 2833 sed
1827 2785 1891 2835 25

230 2886 340 2944 ego
371 2868 744 2927 admiratione
772 2874 1019 2946 quadam
1060 2873 1286 2932 virtutis
1326 2873 1467 2948 ejus,
1499 2872 1595 2929 ille
1635 2872 1801 2929 vicis*-

231 2963 341 3022 sim
393 2964 660 3040 opinione
702 2966 941 3026 fortasse
987 2970 1288 3040 nonnulla,
1332 2989 1502 3044 quam
1543 2969 1615 3026 de
1655 2970 1798 3026 meis

230 3060 483 3120 moribus
529 3061 794 3135 habebat,
838 3083 931 3124 me
978 3066 1210 3125 dilexit:
1256 3066 1414 3123 auxit
1459 3066 1801 3124 benevolen-
