2192 3550
741 321 828 369 nn
869 321 1272 370 sannorum.
1818 308 1898 369 33

221 472 440 549 geratio
493 481 708 543 aestate,
764 481 826 528 et
875 468 1131 527 vicissim
1187 478 1283 526 aut
1336 468 1421 526 sol
1478 476 1576 524 aut
1641 464 1794 543 ignis

223 569 527 628 hibernus:
573 587 698 642 quae
720 567 950 641 quidem
980 565 1039 621 in
1069 564 1302 622 Sabinis
1329 564 1502 621 etiam
1528 562 1795 638 persequi
1854 586 1857 591 ·

222 664 397 737 sole0,
417 664 856 737 conviviumque
877 660 1200 717 vicinorum
1220 660 1477 735 quotidie
1494 660 1759 735 compleo
1776 679 1792 730 3

222 761 376 834 quod
421 760 493 817 ad
535 758 775 816 multam
817 764 1072 826 noctem,
1100 774 1270 830 quam
1308 755 1555 812 maxime
1596 774 1796 830 possu-

221 875 368 927 mm,
399 855 557 913 vario
586 870 849 910 sermone
874 850 1263 926 producimus,
1823 867 1857 916 5

302 952 385 1009 At
424 970 542 1009 non
571 958 659 1005 est
685 947 1038 1022 voluptatum
1079 954 1241 1002 tanta
1267 945 1430 1019 quasi
1455 945 1708 1003 titillatio
1736 945 1796 1004 in

222 1048 477 1106 senibus.
561 1044 786 1102 Credo:
853 1043 955 1100 sed
1007 1061 1082 1100 ne
1138 1041 1482 1098 desideratio
1547 1041 1794 1116 quidem.

221 1143 390 1202 Nihil
447 1151 638 1199 autem
701 1139 1025 1211 molestum,
1082 1138 1236 1213 quod
1300 1156 1421 1195 non
1488 1136 1794 1196 desideres.

220 1239 387 1298 Bene
426 1236 767 1312 Sophocles,
796 1254 930 1294 cum
970 1254 1042 1292 ex
1068 1253 1139 1293 eo
1164 1234 1417 1310 quidam,
1441 1233 1559 1310 jam
1590 1234 1797 1292 affecto

223 1343 411 1406 aetate,
479 1342 774 1409 quaereret,
857 1340 1187 1400 utereturne
1261 1333 1433 1388 rebus
1498 1331 1796 1388 venereis?
1826 1335 1887 1385 10

224 1438 264 1465 “
282 1430 385 1489 Dii
423 1429 744 1488 meliora!'’
802 1428 1018 1504 inquit:
1082 1428 1385 1485 “libenter
1425 1446 1561 1486 vero
1603 1426 1795 1500 istinc,

223 1538 515 1602 tamquam
555 1545 590 1583 a
616 1524 850 1582 domino
874 1524 1101 1601 agresti
1132 1543 1200 1581 ac
1242 1524 1474 1596 furioso,
1503 1523 1793 1600 profugi.'’

225 1622 468 1698 Cupidis
490 1620 645 1679 enim
672 1638 864 1677 rerum
889 1619 1091 1676 talium
1119 1619 1379 1677 odiosum
1408 1629 1467 1675 et
1492 1619 1799 1676 molestum

226 1728 314 1776 est
354 1718 590 1776 fortasse
632 1734 828 1774 carere
849 1734 881 1771 t.
905 1714 1127 1773 satiatis
1166 1733 1300 1771 vero
1341 1724 1399 1770 et
1439 1714 1678 1789 expletis
1712 1713 1801 1790 ju-

228 1814 474 1870 cundius
513 1822 601 1870 est
642 1828 857 1882 carere,
901 1828 1069 1884 quam
1113 1808 1256 1867 frui:
1319 1827 1640 1883 quanquam
1679 1826 1799 1865 non
1829 1812 1890 1862 15

229 1918 389 1965 caret
415 1908 483 1979 is,
511 1908 609 1984 qui
636 1926 756 1966 non
783 1905 1085 1963 desiderat.
1170 1903 1328 1980 Ergo
1369 1904 1478 1961 hoc
1504 1922 1623 1961 non
1653 1904 1800 1961 desi·

228 2004 450 2076 derare,
478 2004 611 2062 dico
639 2021 765 2060 esse
805 2001 1140 2078 jucundiuS,
1170 2019 1340 2074 quam
1369 2000 1497 2057 frui.

304 2101 486 2163 Quod
545 2100 595 2158 si
649 2099 773 2157 istis
826 2097 981 2173 ipsis„
1016 2097 1403 2172 voluptatibus
1457 2099 1611 2155 bona
1663 2108 1799 2157 aetas

229 2198 433 2256 fruitur
461 2195 764 2265 libentius;
806 2193 1054 2269 primum
1092 2193 1344 2269 parvulis
1372 2194 1576 2252 fruitur
1603 2196 1796 2268 rebus,

228 2303 293 2352 ut
319 2293 599 2350 diximus:
644 2290 854 2348 deinde
882 2289 986 2356 iis,
1016 2290 1222 2365 quibus
1262 2300 1549 2363 senectuS,
1591 2292 1641 2349 si
1680 2310 1799 2349 non
1829 2296 1893 2347 20

230 2389 458 2446 abunde
484 2387 720 2464 potitur,
742 2404 862 2443 non
883 2386 1121 2442 omnino
1144 2396 1317 2444 caret.
1399 2387 1478 2446 Ut
1497 2388 1800 2463 Turpione

231 2484 503 2540 Ambivio
542 2482 727 2559 magis
767 2481 1105 2552 delectatur,
1146 2482 1244 2557 qui
1287 2482 1346 2540 in
1384 2483 1571 2558 prima
1624 2483 1803 2541 cavea

234 2586 486 2653 spectat3
529 2578 846 2636 delectatur
886 2587 1101 2648 tamen,
1143 2577 1315 2635 etiam
1342 2578 1441 2653 qui
1481 2579 1540 2636 in
1578 2578 1801 2650 ultima,

233 2674 320 2732 sic
351 2672 755 2746 adolescentia,
782 2673 1102 2748 voluptates
1119 2692 1306 2748 prope
1345 2673 1593 2745 intuens,
1622 2673 1805 2751 magis

234 2771 477 2830 fortasse
515 2768 769 2827 laetatur:
814 2770 915 2827 sed
956 2769 1275 2827 delectatur
1314 2770 1487 2826 etiam
1515 2779 1804 2844 senectus,
1836 2778 1901 2829 25

229 2865 435 2947 procul
466 2884 564 2944 eas
592 2875 876 2941 spectans,
906 2875 1149 2937 tantum,
1179 2876 1454 2941 quantum
1482 2876 1569 2924 sat
1596 2876 1698 2924 est.

309 2965 394 3023 At
422 2963 523 3021 illa
540 2961 738 3038 quanti
766 2971 917 3034 sunt,
941 2961 1216 3034 animum,
1238 2972 1529 3037 tamquam
1556 2964 1811 3024 emeritis

230 3059 537 3138 stipendiis
610 3057 889 3130 libidinis,
965 3058 1312 3131 ambitionis,
1396 3061 1808 3136 contentionis,
