2192 3550
545 299 842 360 hamus,
870 300 1025 359 swa
1054 299 1143 346 m:
1182 298 1500 346 Amen-u.
1799 278 1908 339 101

242 447 526 531 judicium
565 448 705 521 veri,
734 448 907 525 idque
936 447 1245 528 adulterat)
1275 457 1398 506 tum
1442 443 1709 504 amicitiae
1735 460 1822 500 re-

246 557 462 623 pugnat
488 547 750 604 maxime.
833 545 1005 603 Delet
1032 545 1188 613 enim
1217 545 1530 614 veritatem,
1554 543 1679 600 sine
1707 540 1823 617 qua

246 661 459 701 nomen
503 643 770 721 amicitias
809 641 997 698 valere
1036 659 1155 698 non
1194 650 1398 716 potest.
1479 639 1656 711 Nam,
1686 657 1822 696 cum

247 740 513 797 amicitiae
541 739 625 796 vis
653 739 727 795 sit
764 739 825 799 in
865 756 956 809 eo,
986 747 1049 795 ut
1090 755 1242 794 unus
1268 737 1430 812 quasi
1472 736 1697 793 animus
1723 735 1825 792 fiat

244 854 317 892 ex
340 835 633 910 pluribus3
676 833 772 909 qui
819 832 879 890 id
924 833 1046 891 fieri
1092 832 1332 909 poterit,
1373 832 1545 889 sine
1591 831 1651 889 in
1704 849 1821 889 uno
1851 843 1886 892 5

244 933 475 1007 quidem
493 950 885 1006 quoqueunus
904 930 1128 987 animus
1145 928 1273 1001 erit,
1293 928 1557 1003 idemque
1579 946 1821 1003 semper,

244 1029 345 1085 sed
373 1029 582 1099 varius,
607 1026 1050 1097 commutabiliS‚
1070 1024 1410 1100 multiplex?
1474 1022 1640 1084 Quid
1668 1022 1825 1079 enim

243 1134 433 1199 potest
501 1144 627 1182 esse
680 1135 797 1182 tam
850 1122 1121 1194 flexibile,
1177 1131 1294 1178 tam
1350 1119 1599 1191 devium,
1653 1137 1823 1195 quam

246 1221 469 1278 animus
509 1222 650 1297 ejuS,
680 1221 797 1297 qui,
831 1220 901 1278 ad
941 1219 1177 1277 alterius
1216 1235 1336 1275 non
1375 1217 1551 1275 modo
1591 1235 1823 1274 sensum

246 1335 315 1374 ac
350 1317 720 1390 voluntatem,
750 1316 853 1376 sed
900 1316 1090 1383 etiamr
1118 1316 1341 1373 vultum
1381 1325 1554 1390 atque
1596 1314 1822 1386 nutum,
1856 1323 1918 1373 10

244 1415 596 1472 convertitur
616 1417 641 1473 Ἰ

241 1528 275 1556 “
293 1526 461 1592 Negat
513 1529 660 1591 quis?
709 1544 858 1593 nego.
922 1528 1047 1576 Ait?
1100 1527 1197 1576 aio.
1261 1525 1536 1587 Postremo,
1582 1523 1826 1587 imperavi

427 1614 628 1672 egomet
649 1609 792 1669 mihi,

300 1688 485 1735 Omnia
504 1688 796 1749 assentari,'’

239 1807 306 1854 ut
354 1797 433 1855 ait
481 1798 635 1855 idem
680 1797 1029 1856 Terentius:
1072 1798 1176 1855 sed
1216 1797 1316 1854 ille
1351 1797 1460 1862 sub
1499 1796 1825 1854 Gnathonis

239 1894 514 1969 personr‘i3
573 1894 726 1970 quod
782 1894 954 1952 amici
1007 1912 1193 1970 genus
1248 1893 1556 1966 adhibere,
1584 1893 1821 1951 omnino
1854 1902 1916 1951 15

238 1989 486 2048 levitatis
531 2000 637 2048 est.
719 1989 895 2048 Multi
940 1999 1130 2047 autem
1167 1990 1541 2047 Gnathonum
1584 1990 1820 2063 similes,

239 2105 373 2144 cum
402 2088 517 2146 sint
556 2086 706 2159 loco,
736 2086 987 2158 fortuna,
1018 2086 1170 2144 fama
1211 2086 1573 2163 superiores:
1616 2087 1821 2145 horum

196 2191 207 2210 ⁸
236 2193 323 2241 est
352 2184 663 2243 assentatio
691 2185 950 2256 molesta,
974 2202 1108 2241 cum
1139 2184 1211 2242 ad
1237 2184 1546 2242 vanitatem
1577 2185 1820 2243 accessit

169 2319 190 2324 -
238 2282 562 2340 auctoritas.

315 2378 556 2435 Secerni
585 2387 776 2436 autem
804 2378 1049 2437 blandus
1071 2377 1300 2447 amicus
1328 2398 1363 2438 a
1387 2373 1621 2450 ver0,'et
1647 2378 1820 2436 inter-
1847 2382 1912 2432 20

238 2472 423 2543 nosci,
492 2483 609 2530 tam
665 2485 876 2551 potest,
930 2474 1192 2532 adhibita
1259 2474 1581 2551 diligentia,
1647 2463 1819 2549 quam
1914 2551 1915 2556 ἵ

238 2567 436 2626 omnia
476 2568 669 2628 fucata
707 2581 764 2628 et
805 2571 1073 2629 simulata
1107 2590 1142 2628 a
1179 2571 1421 2638 sinceris
1451 2580 1620 2644 atque
1648 2569 1813 2627 veris,

240 2663 487 2736 Concio,
534 2683 659 2740 quae
707 2685 778 2723 ex
830 2666 1275 2744 imperitissimis
1330 2675 1576 2736 constat,
1621 2675 1814 2723 tamen

233 2759 497 2836 judicare
530 2761 695 2832 solet,
725 2763 862 2838 quid
905 2763 1131 2821 intersit
1179 2762 1327 2819 inter
1369 2762 1724 2838 popularem,
1755 2762 1813 2819 id

239 2865 347 2928 est,
383 2866 791 2915 assentatorem
835 2868 893 2917 et
938 2860 1124 2917 levem
1167 2858 1374 2932 civem,
1404 2868 1463 2916 et
1500 2858 1648 2921 inter
1668 2854 1814 2917 ‘con-
1841 2872 1907 2924 25

238 2962 504 3025 stantem,
534 2971 813 3027 severum,
843 2965 900 3013 et
926 2945 1175 3033 gravem.
1256 2955 1492 3026 Quibus
1520 2942 1813 3014 blanditiis

237 3049 306 3109 C.
336 3049 602 3127 Papirius
642 3068 826 3126 nuper
868 3051 1146 3126 influebat
1188 3052 1250 3109 in
1295 3071 1462 3111 aures
1488 3052 1810 3125 concionis,

620 3146 661 3203 9
690 3144 726 3180 ιιι
