2192 3550
568 298 841 378 LAELIUsj
879 318 1027 365 srva
1069 317 1156 365 nn
1200 317 1511 366 Annorum
1832 306 1913 364 59

246 464 589 524 moderate:
648 486 761 525 nee
811 466 1068 542 potuisse
1120 482 1239 525 non
1292 463 1655 536 commoveri,
1703 482 1817 522 neo

251 560 428 619 fuisse
456 561 514 619 id
542 562 911 620 humanitatis
931 570 1077 619 tuae:
1115 562 1268 637 quod
1291 571 1481 619 autem
1508 560 1598 618 his
1622 559 1683 616 Ν
1687 559 1816 626 onis

249 655 313 713 in
332 667 539 715 nostro
553 658 797 735 collegio
825 676 945 715 non
973 657 1250 729 affuisse8,
1272 657 1655 716 valetudinem
1683 676 1817 716 oau-

247 770 392 825 sam,
421 773 538 811 non
565 754 912 824 moestitiam,
943 754 1135 811 fuisse.

334 850 564 911 Laelius.
646 850 838 932 Recte
877 859 940 908 tu
980 850 1231 925 quidem,
1261 849 1540 922 Soaevola,
1569 861 1627 909 et
1663 869 1811 908 vere.
1845 857 1879 906 5

247 944 382 1005 Nee
414 945 570 1004 enim
613 949 685 1005 ab
726 947 836 1004 isto
877 948 1088 1019 officio,
1119 948 1272 1023 quod
1299 966 1521 1023 semper
1549 948 1813 1023 usurpavi

247 1061 384 1101 eum
429 1044 697 1115 valerem,
748 1043 957 1102 abduci
1009 1044 1378 1102 incommodo
1424 1062 1554 1100 meo
1603 1044 1815 1112 debui3

247 1157 361 1195 neo
413 1138 532 1197 ullo
587 1158 725 1198 casu
779 1141 1016 1198 arbitror
1071 1141 1185 1198 hoc
1222 1141 1535 1198 *constanti
1595 1141 1814 1198 homini

245 1253 416 1310 posse
444 1236 798 1313 contingere,
836 1247 900 1294 ut
939 1237 1059 1295 ulla
1098 1238 1447 1294 intermissio
1483 1238 1581 1295 fiat
1618 1237 1810 1295 officii.

170 1324 180 1333 ⁶
245 1329 345 1388 Tu
389 1341 598 1403 autem,
627 1332 834 1405 Fanni,
863 1334 960 1409 qui
1001 1333 1140 1391 mihi
1179 1344 1399 1391 tanturn
1429 1334 1603 1391 tribui
1645 1334 1811 1405 diois,
1846 1339 1906 1388 10

242 1438 520 1502 quantum
571 1448 681 1505 ego
734 1449 846 1487 nee
902 1449 1155 1506 agnosco
1209 1450 1321 1487 nee
1372 1431 1619 1506 postule,
1647 1430 1814 1488 'facis

247 1524 464 1582 amice:
505 1525 627 1597 sed,
653 1536 717 1583 ut
743 1526 886 1583 mihi
912 1525 1142 1598 videris,
1164 1546 1279 1585 non
1308 1537 1464 1584 reete
1486 1526 1714 1602 judicas
1742 1527 1814 1582 de

244 1620 507 1678 Catone:
558 1632 656 1679 aut
699 1622 856 1687 enim
902 1642 1074 1680 nemo
1120 1624 1305 1699 (quod
1353 1623 1584 1698 quidem
1631 1623 1815 1697 magis

244 1716 470 1793 credo),
504 1727 618 1789 aut,
649 1718 698 1775 si
725 1718 1045 1793 quisquam,
1070 1719 1166 1775 ille
1193 1719 1420 1794 sapiens
1449 1718 1571 1775 fuit.
1652 1718 1815 1780 Quo-

244 1811 418 1868 modo
458 1812 614 1868 enim
644 1811 736 1890 (ut
765 1813 878 1870 alia
902 1813 1190 1892 omittam)
1220 1824 1461 1871 mortem
1499 1814 1602 1870 filii
1638 1814 1812 1871 tulit?
1845 1823 1906 1871 15

245 1905 643 1974 Memineram,
669 1907 950 1978 Paulum;
1000 1909 1256 1966 videram
1294 1909 1561 1967 Gallum:
1610 1910 1711 1968 sed
1753 1910 1813 1969 hi

244 2002 305 2060 in
356 2003 593 2078 pueris;
649 2003 800 2061 Cato
847 2005 906 2061 in
959 2005 1219 2080 perfeeto
1265 2016 1324 2063 et
1370 2016 1626 2081 spectato
1671 2007 1811 2065 vire.

162 2129 169 2136 ·
240 2099 642 2161 Quamobrem
689 2119 828 2158 eave
877 2100 1089 2159 Catoni
1138 2112 1472 2177 anteponas,
1518 2122 1593 2160 ne
1640 2103 1813 2161 istum

238 2196 475 2271 quidem
514 2196 721 2272 ipsum,
752 2217 921 2272 quem
963 2198 1176 2274 Apollo
1206 2198 1297 2277 (ut
1325 2198 1435 2278 ais)
1467 2200 1813 2275 sapientissi-

240 2312 398 2351 mum
431 2293 727 2370 judicavit.
810 2294 1001 2371 Hujus
1041 2296 1197 2352 enim
1238 2296 1408 2368 faeta,
1438 2297 1592 2358 illius
1631 2298 1806 2369 diota,
1840 2312 1904 2361 20

240 2389 560 2448 laudantur.
642 2390 735 2447 De
774 2410 866 2448 me
910 2402 1100 2449 autem
1131 2390 1223 2469 (ut
1255 2393 1375 2468 jam
1408 2412 1540 2451 eum
1569 2404 1808 2468 utroque

241 2484 467 2564 loquar)
497 2486 583 2544 sio
610 2486 896 2545 habetote.

317 2675 430 2762 HL
512 2675 660 2755 Ege,
702 2679 751 2737 si
793 2681 1085 2756 Scipionis
1126 2679 1412 2738 desiderio
1457 2699 1551 2737 me
1591 2686 1807 2737 moveri

241 2790 468 2849 negem,
491 2791 661 2847 quam
687 2775 746 2832 id
772 2787 932 2834 recte
958 2776 1190 2848 faciam,
1217 2776 1463 2833 viderint
1488 2775 1803 2850 sapientes:

243 2868 344 2926 sed
391 2878 549 2926 certe
596 2872 852 2930 mentiar.
954 2872 1198 2931 Moveor
1243 2872 1417 2943 enim,
1466 2872 1568 2930 tali
1617 2873 1805 2931 amieo
1835 2882 1899 2931 25

242 2964 494 3037 orbatae,
530 2964 735 3039 qualia,
773 2976 838 3024 ut
869 2968 1132 3041 arbitror,
1160 2986 1332 3025 nemo
1370 2986 1621 3043 unquam
1660 2969 1804 3039 erit;

244 3068 318 3133 et,
346 3070 409 3120 ut
437 3060 777 3121 confirmare
815 3081 1066 3138 possum,
1096 3082 1267 3123 nemo
1294 3074 1451 3124 certe
1480 3064 1603 3123 fuit.
1685 3065 1803 3124 Sed
1903 3051 1914 3065 “
