2192 3550
762 320 850 368 ns
892 320 1295 369 senemr„
1637 376 1645 383 ,
1821 309 1863 368 9

277 466 357 525 11.
418 466 634 543 Scipio.
715 468 1128 544 Saepenumero
1158 467 1428 526 admirari
1455 468 1615 526 soleo
1636 484 1772 525 eum

195 562 316 621 hoc
335 561 405 621 G.
435 561 637 634 Laelio,
659 572 783 620 tum
812 572 1150 621 caeterarum
1177 581 1371 620 rerum
1398 572 1558 621 tuam
1586 562 1774 620 excel-

194 659 433 731 lentem,
462 657 547 716 M.
576 659 746 730 Cato‚
777 659 1207 734 perfectamque
1247 659 1607 735 sapientiam,
1648 668 1771 716 tum

193 754 288 812 vel
317 753 584 825 maxime,
614 754 767 829 quod
795 772 1090 829 nunquam
1118 764 1476 812 senectutem
1503 754 1610 812 tibi
1648 772 1774 831 gra·
1867 759 1935 827 ‘1-

194 867 329 907 vem
375 868 502 907 esse
549 849 861 907 senserim:
892 864 1018 925 quae
1062 849 1353 925 plerisque
1401 849 1637 907 senibus
1684 849 1771 907 sic
1797 866 1831 914 5
1902 842 1920 869 ⁸

191 945 404 1004 odiosa
461 954 568 1017 est,
621 956 687 1002 ut
740 963 888 1002 onus
939 964 1003 1002 se
1057 945 1239 1003 AEtna
1293 947 1523 1023 gravius
1572 947 1772 1004 dicant

192 1040 500 1100 sustinere.

281 1136 444 1196 cato.
526 1136 682 1194 Rem
728 1136 881 1194 haud
924 1156 1062 1195 sane
1113 1137 1427 1210 difficilem,
1471 1137 1672 1214 Scipio
1712 1147 1771 1196 et

195 1231 363 1304 Laeli,
389 1233 657 1308 admirari
678 1232 967 1291 videmini.
1035 1233 1273 1295 Quibus
1301 1232 1457 1290 enim
1477 1233 1620 1291 nihil
1644 1234 1770 1310 opis

193 1338 287 1386 est
313 1329 374 1386 in
402 1329 540 1405 ipsis
569 1330 641 1387 ad
661 1330 810 1387 bene
837 1330 1119 1405 beateque
1137 1329 1465 1403 vivendum,
1489 1330 1561 1387 iis
1582 1330 1770 1388 omnis
1800 1335 1861 1385 10

194 1424 388 1502 gravis
415 1435 502 1482 est
528 1435 703 1483 aetas:
747 1425 847 1501 qui
875 1436 1066 1483 autem
1093 1425 1292 1483 omnia
1324 1427 1481 1483 bona
1508 1445 1542 1484 a
1567 1426 1770 1501 seipsis

193 1529 419 1596 petunt,
443 1520 514 1578 iis
534 1521 678 1579 nihil
708 1531 899 1597 potest
917 1522 1134 1580 malum
1153 1521 1357 1593 videri,
1376 1522 1529 1597 quod
1550 1532 1768 1580 naturae

195 1616 513 1674 necessitas
551 1618 763 1676 afferat.
842 1617 986 1679 Quo
1014 1618 1074 1676 in
1105 1636 1318 1694 genere
1346 1618 1406 1675 in
1441 1618 1643 1693 primis
1683 1627 1770 1675 est

192 1721 485 1785 senectus,
528 1731 699 1789 quam
739 1722 805 1769 ut
846 1713 1257 1788 adipiscantur,
1299 1731 1501 1769 omnes
1536 1722 1767 1788 optant:

191 1809 442 1867 eandem
471 1819 747 1865 accusant
789 1808 981 1882 adepti
1011 1827 1025 1864 ε
1066 1816 1230 1864 tanta
1254 1816 1342 1864 est
1382 1807 1770 1866 inconstantia
1801 1819 1861 1868 15

192 1901 476 1972 stultitiae,
506 1911 676 1976 atque
701 1900 1059 1977 perversitas.

277 1995 594 2073 Obrepere,
626 1998 806 2069 aiunt,
849 2014 977 2055 eam
1019 1997 1193 2055 citius
1240 2017 1412 2073 quam
1451 2000 1764 2075 putassent.

193 2092 475 2166 Primum,
519 2094 648 2169 quis
701 2093 898 2170 coegit
951 2112 1053 2151 eos
1101 2095 1306 2151 falsum
1358 2099 1607 2171 putare?
1667 2097 1767 2173 qui

192 2189 351 2248 enim
393 2190 566 2249 citius
608 2190 1010 2248 adolescentiae
1051 2200 1339 2263 senectus,
1370 2211 1541 2267 quam
1579 2193 1769 2268 pueri-

194 2287 292 2345 tiae
342 2287 751 2357 adolescentia,
790 2286 1054 2361 obrepit?
1135 2287 1385 2359 Deinde,
1431 2289 1532 2363 qui
1576 2289 1768 2347 minus
1794 2298 1859 2348 20

195 2382 386 2460 gravis
440 2392 592 2440 esset
648 2382 720 2439 iis
773 2393 1061 2453 senectus,
1117 2382 1166 2439 si
1225 2383 1769 2460 octingentesimum

198 2497 412 2536 annum
442 2488 696 2556 agerent,
727 2496 899 2553 quam
927 2478 1389 2554 octogesimum?
1470 2479 1772 2538 Praeterita

195 2573 356 2630 enim
384 2582 538 2645 aetas,
580 2572 840 2649 quamvis
865 2572 1060 2648 longa,
1091 2591 1226 2629 cum
1253 2573 1581 2645 effluxisset,
1611 2574 1770 2631 nulla

196 2666 594 2727 consolatione
645 2668 1004 2746 permulcere
1051 2677 1247 2743 posset
1292 2668 1523 2725 stultam
1572 2687 1770 2726 senec-

186 2773 396 2823 tutem.
1794 2782 1858 2833 25

266 2858 597 2931 Quocirca,
618 2860 668 2919 si
688 2860 1028 2937 sapientiam
1048 2878 1238 2919 meam
1261 2859 1529 2918 admirari
1549 2861 1765 2934 soletis,

190 2953 355 3032 (qum
381 2954 605 3013 utinam
632 2955 809 3033 digna
832 2965 986 3014 esset
1011 2954 1285 3032 opinione
1311 2955 1520 3027 vestra,
1547 2965 1770 3016 nostro-
1849 2945 1857 2952 ’

184 3069 310 3128 que
334 3050 686 3130 cognomine
703 3052 749 3130 Ι)
791 3052 854 3111 in
890 3053 1006 3111 hoc
1051 3069 1251 3110 sumus
1276 3050 1584 3128 sapientes,
1612 3051 1768 3128 quod
