2192 3550
320 304 401 367 'm
719 317 994 375 unumst,
1026 318 1174 365 snrs
1213 318 1300 365 nn
1339 319 1654 366 AmcmA.

409 465 552 523 tiam
618 467 993 525 consuetudO.
1107 468 1244 540 Sed,
1313 487 1633 543 quanquam
1699 469 1987 529 utilitates

408 562 600 621 multae
660 572 718 620 et
778 582 999 640 magnai
1062 575 1387 622 consecutae
1448 576 1599 637 sunt,
1660 585 1780 623 non
1841 578 1986 626 sunt

407 668 599 716 tamen
644 661 713 715 ab
755 679 951 718 earum
991 681 1092 736 spe
1134 681 1322 719 causae
1364 662 1641 739 diligendi
1678 663 1980 739 profectae.

484 755 562 812 Ut
601 756 753 813 enim
797 758 1041 814 benefici
1086 758 1461 834 liberalesque
1506 777 1720 831 sumus,
1749 779 1867 817 non
1911 770 1982 818 ut

344 866 378 916 5
406 851 701 928 exigamus
729 855 970 930 gratiam
1001 853 1216 932 (neque
1245 856 1399 912 enim
1427 856 1770 914 beneficium
1801 856 1983 914 foene-

404 949 645 1028 ramur),
707 951 808 1007 sed
863 952 1068 1008 natura⁴
1120 953 1392 1027 propensi
1448 953 1518 1009 ad
1573 952 1978 1010 liberalitatem

404 1063 628 1115 sumus;
667 1047 752 1104 sic
783 1048 1114 1120 amicitiam,
1133 1068 1251 1105 non
1280 1068 1380 1125 spe
1407 1049 1689 1106 mercedis
1718 1048 1973 1121 adducti,

403 1143 507 1200 sed
534 1144 688 1216 quod
716 1146 903 1202 omnis
931 1146 1054 1221 ejus
1092 1145 1311 1202 fructus
1339 1146 1398 1201 in
1428 1145 1551 1219 ipso
1580 1164 1772 1203 amore
1801 1145 1975 1217 inest,

403 1240 781 1312 expetendam
805 1251 1087 1317 putamus

312 1345 376 1395 1⁰
481 1335 577 1392 Ab
605 1336 695 1408 iis,
725 1338 821 1413 qui
846 1338 1134 1412 pecudum
1161 1336 1274 1391 ritu
1304 1334 1373 1390 ad
1400 1334 1748 1408 voluptatem
1777 1337 1975 1394 omnia

402 1430 676 1505 referunt,
717 1434 886 1509 longe
927 1431 1329 1487 dissentimus:
1381 1448 1492 1486 nec
1532 1431 1774 1487 mirum:
1824 1431 1973 1488 nihil

402 1527 558 1585 enim
587 1530 781 1598 altum,
810 1526 950 1584 nihil
982 1525 1351 1601 magnificum
1391 1545 1459 1582 ac
1488 1526 1762 1599 divinum,
1793 1529 1967 1603 suspi-

402 1643 536 1682 cere
566 1632 822 1701 possunt,
853 1622 948 1694 qui
991 1641 1125 1678 suas
1164 1640 1365 1679 omnes
1406 1623 1790 1700 cogitationes
1821 1625 1974 1700 abje-

403 1731 607 1779 cerunt
627 1719 685 1777 in
708 1736 826 1774 rem
848 1726 965 1774 tam
988 1717 1283 1792 humilem,
1307 1728 1539 1794 tamque
1563 1729 1967 1797 contemptam.

310 1831 373 1882 15
399 1816 816 1885 Quamobrem,
846 1815 953 1871 hos
980 1816 1212 1890 quidem
1252 1818 1322 1872 ab
1353 1817 1468 1874 hoc
1497 1837 1761 1875 sermone
1789 1837 1972 1876 remo-

400 1930 673 1971 veamus:
731 1910 838 1985 ipsi
882 1921 1071 1967 autem
1115 1911 1523 1989 intelligamus,
1564 1915 1769 1971 natura
1810 1914 1968 1992 gigni

401 2028 631 2068 sensum
696 2006 995 2082 diligendi,
1056 2017 1117 2063 et
1177 2008 1591 2068 benevolentiae
1652 2012 1966 2083 caritatem,

402 2105 556 2162 facta
583 2102 1005 2180 significatione
1031 2103 1371 2178 probitatis3
1416 2126 1583 2180 quam
1620 2106 1716 2179 qui
1756 2107 1969 2180 appeti-

399 2208 620 2271 verunt,
647 2199 933 2274 applicant
962 2217 1107 2269 sese,
1131 2209 1189 2255 et
1215 2203 1448 2276 propius
1477 2202 1795 2269 admovent,
1819 2208 1882 2255 ut
1908 2210 1966 2256 et

307 2308 371 2359 20
399 2312 507 2351 usu
541 2292 684 2368 ejuS,
728 2311 897 2368 quem
948 2292 1187 2370 diligere
1229 2305 1543 2370 coeperunt,
1591 2289 1869 2364 fruantur,
1908 2305 1966 2352 et

398 2390 656 2447 moribus
678 2410 692 2460 3
736 2389 962 2464 sintque
1003 2409 1171 2465 pares
1213 2391 1272 2448 in
1316 2408 1526 2459 amore,
1568 2397 1626 2445 et
1675 2390 1962 2464 aequales;

397 2487 905 2562 propensioresque
962 2488 1032 2544 ad
1082 2490 1229 2545 bene
1277 2486 1628 2556 merendum,
1674 2505 1844 2560 quam
1895 2490 1965 2545 ad

398 2584 812 2658 reposcendum
844 2604 857 2640 :
910 2593 1076 2658 atque
1119 2585 1244 2640 haec
1284 2583 1431 2638 inter
1472 2598 1571 2637 eos
1612 2582 1687 2638 sit
1728 2583 1966 2643 honesta

401 2679 658 2737 certatio.
743 2680 845 2736 Sic
885 2690 943 2736 et
984 2681 1258 2737 utilitates
1298 2696 1370 2733 ex
1412 2676 1668 2734 amicitia
1704 2681 1963 2738 maximas
2037 2713 2046 2720 -

304 2782 371 2833 25
403 2776 734 2851 capientur3
779 2786 837 2833 et
867 2777 978 2833 erit
1005 2777 1127 2851 ejus
1155 2783 1313 2831 ortus
1354 2792 1388 2831 a
1426 2773 1653 2846 natura,
1682 2793 1852 2850 quam
1894 2777 1963 2832 ab

401 2871 815 2944 imbecillitate,
870 2883 928 2928 et
987 2871 1212 2948 gravior
1279 2879 1337 2926 et
1403 2871 1604 2928 verior.
1686 2871 1860 2942 Nam,
1913 2871 1961 2927 si

399 2967 616 3026 utilitas
665 2968 946 3026 amicitias
987 2967 1429 3042 conglutinaret,
1473 2967 1672 3025 eadem
1715 2983 1962 3024 commu-

398 3072 521 3123 tata
558 3066 924 3124 dissolveret:
987 3064 1110 3134 sed,
1165 3064 1301 3141 quia
1350 3074 1558 3124 natura
1595 3061 1803 3121 mutari
1846 3079 1959 3119 non
