2192 3550
262 320 345 382 88
668 331 939 391 Lamus
976 332 1125 379 stvE
1175 332 1260 378 m:
1301 332 1616 380 Afflcrrm.

353 489 590 557 teponat
635 481 785 537 suo?
863 479 1070 541 Quid?
1133 480 1260 538 haec
1314 491 1378 539 ut
1428 481 1710 553 omittam,
1762 471 1942 556 quam

355 594 576 654 graves,
622 594 794 651 quam
851 577 1137 649 difficiles,
1185 577 1471 653 plerisque
1523 577 1788 635 videntur
1842 592 1942 634 ca·

353 671 674 730 Imitatum
723 673 1066 730 societates!
1140 674 1212 730 ad
1258 693 1417 749 quas,
1464 692 1583 731 non
1631 683 1718 730 est
1764 673 1939 731 facile

355 768 609 840 inventu,
694 770 792 844 qui
859 769 1189 828 descendat.
1278 770 1631 845 Quanquam
1709 768 1939 827 Ennius

292 875 326 923 δ
353 875 513 922 recte
538 885 551 922 ε

564 963 595 991 “
613 961 824 1009 Amicus
846 967 1014 1010 'certus
1035 961 1089 1009 in
1112 976 1164 1010 re
1187 961 1377 1011 incerta
1398 961 1618 1011 cernitur
1635 960 1684 1009 :”

353 1069 548 1118 tamen
576 1060 700 1119 haec
728 1061 845 1119 duo
872 1061 1119 1120 levitatis
1149 1071 1208 1117 et
1246 1061 1591 1118 infirmitatis
1628 1060 1936 1136 plerosque

353 1157 737 1229 convincunt3
785 1168 882 1215 aut
924 1158 973 1214 si
1014 1157 1073 1213 in
1118 1157 1286 1213 bonis
1328 1157 1501 1214 rebus
1534 1164 1933 1228 contemnunt,

356 1253 540 1345 autin
567 1254 733 1312 malis
761 1255 1047 1311 deserunt.

264 1454 325 1504 10
432 1445 661 1506 XVIII.
714 1446 841 1508 Qui
870 1444 1043 1521 igitur
1070 1442 1313 1516 utraque
1341 1442 1400 1499 in
1428 1460 1491 1499 re
1516 1458 1769 1519 gravem,
1793 1459 1936 1500 con·

353 1551 620 1616 stantem,
649 1541 908 1599 stabilem
935 1558 997 1596 se
1025 1538 1084 1596 in
1116 1537 1371 1596 amicitia
1396 1538 1741 1614 praestiterit,
1771 1538 1932 1599 hunc

354 1657 428 1696 ex
446 1639 691 1697 maxime
717 1653 847 1692 raro
886 1634 1183 1693 hominum
1223 1654 1436 1713 genere
1470 1634 1733 1713 judicare
1760 1636 1933 1694 debe-

353 1750 500 1809 muS,
530 1744 587 1793 et
612 1751 774 1810 paene
802 1731 1017 1792 divino,

433 1832 885 1890 Firmamentum
915 1839 1106 1887 autem
1134 1830 1459 1888 stabilitatis
1480 1831 1930 1905 constantiaeque

262 1941 324 1990 15
355 1927 495 2003 ejus,
526 1943 695 2000 quam
724 1925 784 1983 in
808 1926 1062 1984 amicitia
1083 1927 1409 2003 quaerimuS,
1432 1927 1574 1985 fides
1600 1938 1703 1987 est.
1766 1926 1928 1985 Nihil

354 2022 508 2080 enim
547 2021 752 2079 stabile
791 2032 901 2094 est,
932 2022 1086 2097 quod
1126 2022 1367 2080 infidum
1405 2034 1509 2081 est.
1593 2022 1929 2099 Simplicem

352 2126 648 2193 praeterea,
686 2127 746 2175 et
786 2137 1173 2190 communem,
1215 2129 1274 2175 et
1315 2120 1791 2189 consentientem,
1830 2117 1929 2193 qui
1984 2185 1989 2190 ,

352 2212 525 2270 rebus
552 2212 756 2270 iisdem
784 2223 1098 2285 moveatur,
1124 2214 1260 2291 eligi
1287 2234 1390 2292 par
1419 2225 1537 2272 est:
1581 2233 1706 2288 quae
1734 2214 1930 2273 omnia

352 2308 641 2386 pertinent
666 2310 736 2366 ad
757 2309 1126 2367 fidelitatem:
1164 2329 1350 2385 neque
1372 2310 1526 2367 enim
1546 2307 1723 2366 fidum
1741 2318 1930 2384 potest

258 2416 323 2465 20
356 2423 480 2462 esse
522 2405 819 2480 multiplex
865 2403 1183 2481 ingenium,
1232 2415 1290 2463 et
1331 2391 1686 2461 tortuosum:
1740 2423 1928 2479 neque

351 2515 508 2572 vere,
538 2500 635 2575 qui
677 2519 795 2557 non
840 2499 1045 2557 iisdem
1088 2501 1260 2558 rebus
1303 2508 1579 2570 movetur,
1622 2509 1681 2556 et
1721 2500 1928 2559 natura

354 2595 660 2668 consentit,
692 2605 788 2653 aut
814 2596 962 2654 fidus
992 2606 1087 2654 aut
1117 2596 1335 2653 stabilis
1354 2604 1542 2670 potest
1571 2615 1714 2653 esse.

432 2693 780 2751 Addendum
829 2692 1034 2749 eodem
1077 2702 1182 2763 est,
1227 2700 1289 2748 ut
1335 2708 1410 2746 ne
1454 2691 1793 2751 criminibus
1828 2703 1926 2750 aut

354 2789 666 2848 inferendis
720 2789 1055 2860 delectetur,
1104 2797 1200 2844 aut
1254 2786 1450 2843 credat
1497 2788 1736 2846 oblatis:
1800 2807 1924 2863 quae

256 2890 321 2939 25
353 2886 549 2942 omnia
562 2884 852 2961 pertinent
882 2884 952 2941 ad
980 2902 1127 2954 eam,
1158 2902 1327 2957 quam
1354 2883 1692 2959 jamdudum
1719 2893 1922 2955 tract0,

354 2980 750 3039 constantiam.
848 2979 938 3037 Ita
983 2979 1047 3035 fit
1100 2997 1299 3036 verum
1347 2979 1508 3052 illud,
1563 2981 1713 3056 quod
1759 2977 1924 3037 initio

351 3076 490 3150 dixi,
520 3075 851 3148 amicitiam,
879 3075 992 3133 nisi
1020 3074 1168 3133 inter
1196 3077 1399 3150 bonos,
1428 3096 1555 3135 esse
1593 3095 1710 3134 non
1736 3092 1920 3152 posse.
