2192 3550
766 360 852 407 nr:
890 359 1297 407 SENEGTUTE.
1832 345 1912 404 25

250 506 364 566 lu'm
407 518 572 566 aetate
610 508 899 585 progressi
943 507 1409 579 adolescentiam,
1446 506 1695 565 debeant
1734 523 1819 565 re-

251 604 489 678 quirere.
599 604 820 662 Cursus
860 613 948 660 est
989 613 1181 662 certus
1229 604 1431 676 aetatis,
1473 613 1532 661 et
1572 623 1688 661 una
1724 603 1821 661 via
1912 628 1944 682 ι

249 711 484 773 naturae,
541 719 723 776 eaque
791 700 1066 775 simplex:
1136 720 1352 776 suaque
1409 700 1617 775 cuique
1668 699 1818 776 parti

251 798 430 854 aetatis
470 796 882 872 tempestivitas
922 806 1010 853 est
1050 797 1215 867 data3
1285 806 1349 853 ut
1404 805 1463 852 et
1519 797 1818 854 infirmitas

195 966 201 973 ⁵
246 912 573 968 puerorum,
604 903 662 951 et
703 893 973 950 ferocitas
994 893 1290 968 juvenum,
1320 902 1378 950 et
1417 893 1664 969 gravitas
1699 893 1818 969 jam
1848 908 1881 958 5

250 990 567 1047 constantis
610 989 810 1061 aetatis,
853 999 912 1046 et
951 989 1265 1047 senectutis
1305 989 1620 1060 maturitas,
1656 1000 1821 1047 nat-u-

248 1087 366 1143 rale
396 1086 672 1169 quiddam
713 1087 940 1160 habeat,
969 1086 1125 1162 quod
1166 1104 1273 1144 suo
1301 1094 1560 1160 tempore
1597 1085 1819 1160 percipi

146 1212 151 1221 ,
250 1182 473 1240 debeat.

326 1278 589 1336 Arbitror
617 1289 674 1337 te
705 1280 921 1353 audire,
953 1280 1173 1356 Scipio,
1204 1281 1413 1355 hospes
1452 1289 1586 1337 tuus
1616 1279 1817 1351 avitus,

247 1373 576 1448 Masinissa,
618 1397 744 1452 quae
801 1377 973 1435 faciat
1030 1377 1222 1449 hodie,
1279 1377 1597 1452 nonaginta
1638 1395 1819 1433 annos
1850 1377 1914 1426 10

247 1482 447 1529 natus:
493 1491 625 1530 cum
655 1473 945 1549 ingressus
988 1474 1094 1531 iter
1121 1473 1367 1548 pedibus
1396 1473 1488 1544 sit,
1519 1472 1579 1529 in
1607 1490 1818 1547 equum

247 1569 484 1626 omnino
531 1588 649 1626 non
699 1571 1083 1639 adscendere3
1143 1588 1278 1626 cum
1325 1587 1494 1644 equ0,
1545 1587 1618 1625 ex
1668 1586 1820 1644 equo

244 1682 363 1720 non
431 1665 815 1734 descendere3
884 1664 1045 1722 nullo
1113 1665 1316 1734 imbre,
1380 1663 1540 1720 nullo
1608 1664 1821 1740 frigore

250 1759 480 1831 adduci,
509 1769 572 1817 ut
600 1760 789 1834 capite
817 1770 1018 1835 operto
1049 1759 1154 1829 sit;
1199 1778 1479 1815 summam
1509 1758 1567 1815 in
1596 1777 1667 1816 eo
1694 1778 1821 1816 esse

250 1855 509 1928 corporis
537 1854 861 1910 siccitatem
877 1874 908 1924 3.
937 1856 1130 1929 itaque
1171 1854 1406 1929 exsequi
1447 1855 1642 1937 qmnia
1668 1856 1821 1932 regis
1852 1865 1913 1913 15

250 1950 441 2007 officia
482 1959 541 2006 et
580 1968 834 2007 munera.
931 1950 1132 2007 Potest
1171 1950 1344 2027 igitur
1385 1951 1721 2010 exercitatio
1762 1962 1820 2010 et

245 2047 644 2122 temperantia,
714 2047 887 2104 etiam
954 2047 1012 2104 in
1088 2058 1406 2121 senectute,
1476 2067 1818 2108 conservare

248 2145 464 2221 aliquid
490 2143 720 2221 pristini
749 2143 990 2203 roboris,

324 2338 431 2397 XI.
514 2338 655 2396 Non
697 2336 918 2395 suntin
947 2348 1245 2397 senectute
1272 2339 1461 2397 vires?
1502 2339 1599 2397 Ne
1625 2350 1795 2416 postu

243 2435 434 2493 lantur
462 2436 694 2510 quidem
722 2434 872 2491 vires
915 2454 948 2492 a
987 2445 1302 2493 senectute.
1385 2436 1564 2513 Erg0,
1594 2446 1652 2493 et
1678 2436 1818 2512 legi·
1846 2449 1910 2498 20

245 2532 355 2588 bus
382 2540 440 2587 et
467 2531 760 2601 institutis,
783 2540 951 2587 vacat
979 2540 1115 2588 aetas
1142 2541 1339 2588 nostra
1365 2532 1698 2589 muneribus
1726 2532 1815 2603 iis,

248 2645 378 2700 quae
419 2645 536 2710 non
574 2636 817 2702 possunt
858 2626 983 2683 sine
1024 2627 1241 2684 viribus
1281 2627 1581 2684 sustineri:
1625 2627 1816 2701 itaque

244 2739 366 2780 non
396 2722 586 2794 modo,
617 2724 770 2798 quod
798 2742 916 2781 non
956 2742 1280 2799 possumne,
1310 2723 1410 2780 sed
1438 2742 1514 2780 ne
1542 2732 1817 2798 quantum

241 2838 548 2897 possumus
577 2820 826 2894 quidem,
858 2820 1138 2897 cogimur.

325 2914 408 2971 At
447 2914 528 2971 ita
567 2914 730 2972 multi
771 2925 904 2973 sunt
945 2915 1223 2973 imbecilli
1264 2933 1451 2987 seneS,
1492 2924 1557 2971 ut
1594 2916 1816 2974 nullum
1846 2934 1910 2983 25

243 3011 423 3069 officii
467 3018 562 3067 aut
603 3010 840 3067 omnino
880 3010 1011 3069 vitae
1051 3030 1261 3069 munus
1300 3010 1534 3086 exsequi
1575 3013 1812 3087 possint.

243 3106 329 3165 At
396 3107 453 3165 id
509 3106 740 3183 quidem
807 3126 925 3165 non
991 3107 1287 3183 proprium
1354 3108 1666 3166 senectutis
1731 3117 1819 3164 est

715 3203 756 3259 3
