2192 3550
603 279 879 339 mune,
910 278 1061 327 snm
1101 278 1190 326 nn
1223 276 1541 325 Amcrru.
1861 264 1939 325 91

258 440 417 504 sunt,
472 442 531 490 et
582 442 681 490 aut
734 432 994 490 Deorum
1044 439 1143 487 aut
1196 448 1400 507 regum
1446 426 1552 489 filii
1607 425 1846 499 inventi,

262 529 511 587 retinent
537 539 730 587 tamen
760 527 1060 584 caritatem
1091 526 1152 583 in
1179 537 1459 602 pastores,
1486 543 1631 602 quos
1656 533 1850 599 patres

261 628 473 688 multos
502 645 683 684 annos
709 643 838 681 esse
880 623 1183 685 duxerunt.
1234 623 1447 685 ·Quod
1488 622 1723 698 quidem
1763 629 1851 677 est

261 723 443 781 multo
469 722 729 799 profecto
760 720 943 796 magis
970 720 1031 776 in
1060 719 1210 777 veris
1236 720 1515 795 patribus),
1540 719 1849 793 certisque,

264 820 615 879 faciendum.
700 816 952 874 Fructus
999 817 1157 873 enim
1214 817 1432 893 ingenii
1485 825 1545 872 et
1598 815 1850 887 vir-tutia,
1883 826 1917 877 5

259 917 566 990 omnisque
593 914 957 989 praestantiae‚
988 923 1111 970 tum
1139 913 1422 970 maximus
1445 913 1692 988 capitur,
1717 930 1852 970 cum

262 1014 326 1072 in
352 1012 679 1089 proximum
707 1029 993 1086 quemque
1023 1009 1337 1068 confertur.

346 1204 488 1263 XX.
545 1204 624 1262 Ut
667 1204 842 1282 igitur
887 1205 950 1276 ii,
990 1204 1089 1279 qui
1134 1214 1269 1263 sunt
1313 1204 1375 1261 in
1419 1202 1688 1261 amicitiae
1719 1221 1856 1260 con-

257 1302 692 1380 junctionisque
721 1302 1154 1361 necessitudine
1183 1301 1529 1378 superiores,
1552 1319 1855 1375 exaequare

264 1419 328 1458 se
375 1419 509 1459 cum
552 1399 923 1457 inferioribus
972 1400 1221 1470 debent;
1266 1399 1354 1457 sic
1397 1398 1700 1457 inferiores
1735 1415 1854 1455 non
1890 1404 1951 1453 10

263 1497 481 1569 dolere,
527 1482 590 1554 se
646 1516 679 1553 a
732 1497 851 1554 suis
897 1506 993 1553 aut
1036 1495 1275 1573 ingenio
1326 1508 1424 1552 aut
1469 1495 1702 1553 fortuna
1759 1503 1857 1552 aut

266 1594 547 1671 dignitate
596 1593 890 1668 superari:
950 1611 1195 1667 quorum
1246 1592 1509 1668 plerique
1568 1602 1666 1648 aut
1723 1609 1859 1665 que-

267 1700 470 1750 runtur
511 1707 737 1764 semper
787 1687 1023 1761 aliquid,
1082 1697 1181 1744 aut
1228 1687 1411 1743 etiam
1469 1688 1852 1762 exprobrant3

270 1803 456 1861 eoque
516 1784 720 1860 magis»,
782 1784 831 1840 si
880 1784 1092 1839 habere
1143 1803 1205 1840 se
1263 1793 1487 1858 putant,
1533 1782 1687 1857 quod
1742 1782 1862 1839 offi-

271 1882 431 1939 ciose
459 1889 520 1937 et
548 1878 754 1951 amice,
783 1890 842 1936 et
869 1897 1004 1936 cum
1040 1879 1238 1936 labore
1270 1879 1462 1954 aliquo
1490 1897 1616 1951 suo,
1647 1878 1861 1938 factum
1894 1885 1957 1934 15

269 1988 489 2054 queant
517 1977 731 2036 dicere.
816 1975 1104 2033 Odiosum
1146 1995 1284 2033 sane
1326 1994 1511 2053 genus
1540 1976 1859 2047 hominum,

267 2075 467 2134 officia
506 2073 1007 2150 exprobrantium3
1059 2093 1186 2148 quae
1226 2069 1558 2134 meminisse
1599 2074 1771 2132 debet
1812 2074 1863 2131 is

273 2172 335 2230 in
383 2192 555 2249 quem
604 2172 817 2230 collata
864 2179 1018 2244 sunt,
1067 2191 1188 2229 non
1237 2190 1713 2245 commemorare,
1763 2172 1863 2248 qui

265 2271 535 2332 contulit.

350 2366 755 2428 Quamobrem
783 2374 847 2424 ut
875 2365 936 2436 ii,
959 2365 1059 2440 qui
1088 2366 1416 2442 superiores
1443 2377 1597 2438 sunt,
1627 2365 1865 2423 submit·
1894 2375 1958 2423 2⁰

269 2473 396 2520 tere
440 2483 502 2521 se
550 2464 764 2520 debent
819 2463 879 2519 in
937 2462 1215 2534 amicitia,
1260 2463 1346 2520 sic
1394 2463 1642 2538 quodam
1689 2462 1865 2519 modo

274 2558 578 2618 inferiores
630 2559 922 2617 extollere.
1034 2560 1187 2616 Sunt
1241 2560 1395 2616 enim
1452 2559 1706 2634 quidam,
1765 2558 1866 2634 qui

277 2655 547 2713 molestas
571 2657 854 2713 amicitias
883 2656 1123 2727 faciunt,
1154 2674 1287 2714 cum
1317 2655 1426 2731 ipsi
1466 2675 1529 2713 se
1569 2655 1867 2713 contemni

275 2760 519 2828 putant3
574 2752 726 2826 quod
781 2772 898 2811 non
948 2753 1067 2811 fere
1125 2752 1431 2829 contingit,
1479 2752 1592 2811 nisi
1650 2752 1720 2810 iis
1768 2753 1867 2828 qui

274 2848 456 2907 etiam
510 2850 968 2907 contemnendos
1028 2868 1092 2907 se
1150 2850 1534 2921 arbitrantur;
1595 2850 1694 2926 qui
1756 2850 1868 2909 hac
1896 2858 1961 2908 25

271 2944 575 3022 opinione,
629 2963 750 3004 non
802 2947 977 3006 modo
1029 2947 1240 3020 verbis,
1287 2947 1388 3005 sed
1443 2947 1621 3007 etiam
1672 2966 1867 3026 opere,

279 3041 509 3104 levandi
531 3051 685 3103 sunt.
