2192 3550
551 311 826 368 MELIUS,
863 310 1012 356 SIVE
1055 310 1144 356 DE
1185 309 1498 357 AMICITIA.
1837 303 1918 362 57

249 479 289 520 a
315 459 593 537 patribus,
622 458 868 517 maxime
906 459 1333 517 memorabilem
1362 458 1430 516 C.
1460 457 1627 516 Laelii
1664 468 1724 516 et
1756 458 1819 518 P.

248 556 545 634 Scipionis
573 554 1017 614 familiaritatem
1047 554 1237 627 fuisse,
1262 556 1473 614 idonea
1491 557 1633 616 mihi
1655 555 1822 615 Laelii

244 672 497 733 persona
511 653 633 711 visa
645 662 751 724 est,
765 670 890 727 quae
910 652 982 707 de
1001 651 1255 707 amicitia
1271 671 1342 709 ea
1358 653 1481 727 ipsa
1496 655 1819 731 dissereret,
1841 672 1850 678 ·

246 770 376 827 quae
405 749 694 827 disputata
722 750 792 806 ab
820 766 892 805 eo
920 746 1276 815 meminisset
1310 748 1583 808 Soaevola.

327 847 529 905 Genus
552 855 741 903 autem
768 845 882 902 hoo
909 862 1257 915 sermonum,
1279 843 1526 919 positum
1555 847 1615 904 in
1642 848 1824 906 homi·
1851 867 1885 916 5

248 962 390 1003 num
429 952 684 1001 veterum
735 941 1093 1012 auctoritate,
1146 950 1205 997 et
1251 958 1453 997 eorum
1499 941 1820 1016 illustrium,

247 1039 399 1117 plus,
428 1037 627 1095 nescio
658 1055 772 1113 quo
801 1047 992 1113 pacto,
1021 1037 1245 1095 videtur
1275 1036 1487 1092 habere
1514 1037 1819 1112 gravitatis.

250 1134 455 1210 Itaque
490 1135 631 1212 ipse,
659 1153 790 1191 mea
813 1134 1033 1211 legens,
1063 1134 1151 1191 sie
1180 1132 1398 1192 afficior
1427 1132 1734 1204 interdum,
1763 1144 1825 1191 ut

252 1230 557 1304 Catonem,
601 1250 718 1289 non
771 1250 884 1303 me,
931 1231 1089 1307 loqui
1143 1231 1481 1290 existimem.
1582 1229 1718 1301 Sed,
1762 1241 1824 1289 ut

249 1337 373 1389 tum
412 1327 484 1386 ad
521 1346 717 1385 senem
745 1347 923 1385 senex
962 1329 1035 1385 de
1075 1337 1393 1407 senestute,
1423 1327 1509 1384 sio
1537 1326 1651 1383 hoe
1677 1325 1825 1384 libro
1857 1337 1918 1386 10

252 1425 323 1483 ad
389 1424 639 1485 amioum
708 1422 1091 1484 amicissimus
1151 1426 1223 1482 de
1283 1424 1543 1482 amicitia
1601 1421 1823 1497 scripsi.

249 1520 409 1580 Tum
436 1531 524 1578 est
552 1521 701 1579 Cato
728 1521 977 1593 loeutus,
1001 1539 1113 1595 quo
1142 1531 1264 1579 erat
1289 1539 1462 1578 nemo
1491 1520 1610 1577 fere
1638 1518 1826 1591 senior

248 1617 605 1694 temporibus
632 1617 766 1688 illis,
794 1636 967 1674 nemo
992 1617 1328 1692 prudentior
1352 1636 1366 1674 z
1408 1635 1566 1674 nune
1593 1615 1826 1688 Laelius,

249 1722 310 1770 et
357 1713 586 1789 sapiens
629 1710 744 1790 (sie
791 1712 946 1769 enim
994 1722 1082 1768 est
1129 1712 1409 1792 habitus),
1454 1721 1512 1769 et
1560 1711 1828 1770 amicitias

249 1809 438 1889 gloria
477 1806 786 1880 excellens,
828 1809 902 1865 de
944 1791 1202 1866 amicitia
1240 1808 1508 1883 loquitur.
1590 1808 1710 1880 Tu,
1738 1828 1831 1867 ve-
1860 1828 1922 1877 15

249 1904 373 1977 lim,
416 1904 672 1980 animum
713 1923 748 1962 a
782 1923 876 1961 me
914 1923 1220 1980 parumper
1262 1885 1523 1976 avertas}
1582 1904 1828 1963 Laelium

249 2000 409 2078 loqui
437 2001 624 2078 ipsum
650 2010 835 2076 putes.
917 2000 986 2058 C.
1016 2000 1276 2059 Fannius
1304 2011 1362 2058 et
1386 2001 1467 2064 Q.
1492 2001 1729 2063 Mucius
1758 2003 1829 2061 ad

249 2116 519 2157 socerum
558 2097 796 2155 veniunt
833 2107 965 2173 post
1002 2108 1244 2156 mortem
1287 2098 1587 2157 Africani:
1632 2100 1704 2157 ab
1740 2099 1831 2157 his

248 2212 440 2254 sermo
467 2193 682 2252 oritur:
725 2194 1033 2270 respondet
1068 2193 1281 2254 Laelius
1298 2215 1312 2266 3
1358 2195 1523 2272 cujus
1562 2206 1684 2255 tota
1719 2196 1833 2254 dis-

246 2292 471 2370 putatio
512 2300 600 2350 est
639 2291 713 2348 de
754 2291 1033 2364 amicitia,
1060 2310 1230 2367 quam
1263 2291 1465 2370 legens
1503 2302 1568 2352 tu
1608 2302 1667 2354 te
1707 2292 1831 2370 ipse
1858 2307 1926 2359 20

250 2406 590 2469 cognosces.

330 2578 413 2638 II.
494 2579 776 2638 Fanninx.
865 2581 1015 2638 Sunt
1068 2580 1198 2651 ista,
1254 2578 1442 2638 Laeli:
1510 2597 1624 2636 neo
1676 2578 1832 2640 enim

252 2674 456 2734 melior
491 2674 577 2733 vir
617 2676 724 2736 fuit
763 2677 1047 2735 Africano
1086 2676 1408 2752 quisquam,
1449 2695 1562 2733 neo
1603 2674 1830 2733 clarior.

254 2770 376 2831 Sed
403 2770 730 2831 existimare
758 2773 953 2846 debes,
983 2773 1240 2831 omnium
1270 2772 1470 2831 oeulos
1503 2772 1565 2830 ¹in
1608 2782 1665 2829 te
1705 2790 1833 2830 esse

257 2867 590 2947 conjectos:
639 2888 818 2928 unum
865 2880 922 2929 te
969 2870 1287 2947 sapientem
1335 2879 1395 2927 et
1443 2868 1730 2944 appellant
1776 2878 1835 2928 et
1865 2880 1930 2930 25

254 2966 602 3025 existimant.
684 2964 1077 3026 Tribuebatur
1114 2968 1228 3025 hoe
1260 2966 1434 3025 modo
1466 2964 1550 3025 M.
1582 2965 1834 3026 Catoni:

255 3062 493 3138 seimus,
526 3061 594 3123 L.
624 3061 871 3124 Atilium
912 3064 1062 3141 apud
1101 3074 1295 3142 patres
1333 3073 1564 3125 nostros
1590 3063 1837 3141 appella-
