2192 3550
771 303 858 354 DE
897 303 1301 354 sensorum.
1846 290 1929 350 53

268 452 497 530 quidem
523 472 615 511 me
640 454 1106 530 proficiscentem
1133 452 1287 512 haud
1328 468 1467 510 sane
1507 450 1644 526 quis
1662 449 1858 509 facile·

266 542 585 623 retraxerit,
640 569 846 626 neque,
902 560 1175 625 tanquam
1232 550 1473 621 Peliam,
1527 546 1832 630 recglgegit.

265 645 448 708 Quod
490 647 540 704 si
586 648 714 722 quis
761 647 922 703 Deus
977 647 1120 703 mihi
1161 646 1458 722 largiatur,
1486 655 1549 702 ut
1603 663 1674 701 ex
1724 643 1837 700 hac

266 753 433 800 aetate
459 761 879 826 repugrgs—qam,
909 742 1045 799 etin
1074 742 1241 800 cunis
1267 742 1512 818 vagiam,
1540 740 1705 798 valde
1751 758 1838 797 re-

267 857 498 899 cusem:
540 858 652 896 nec
679 858 813 896 vero
841 839 1032 909 velim,
1061 838 1224 913 quasi
1253 837 1497 896 decurso
1526 835 1734 913 spatie,
1755 834 1836 897 ,ad
1865 843 1899 893 5

267 953 531 1018 ca-rqegps
561 954 595 992 a
620 917 1082 1014 office-revocari.

344 1030 510 1093 Quid
537 1030 691 1088 enim
720 1031 892 1088 habet
918 1031 1034 1088 vita
1060 1029 1386 1088 commodi?
1429 1027 1567 1103 quid
1593 1046 1713 1085 non
1739 1045 1840 1103 po-

266 1127 384 1185 tius
436 1126 684 1184 laboris?
781 1128 899 1184 Sed
952 1127 1162 1185 habeat
1215 1144 1386 1184 sane:
1456 1125 1628 1181 habet
1682 1133 1839 1181 certe

267 1214 463 1280 temen
508 1233 605 1281 aut
649 1224 992 1295 satietatem,
1040 1233 1137 1281 aut
1176 1224 1426 1281 modum.
1508 1221 1651 1278 Non
1678 1221 1839 1278 lubet

269 1318 422 1376 enim
450 1319 607 1376 'mihi
659 1320 953 1395 deplorare
1000 1320 1202 1392 vitam,
1247 1320 1401 1395 quod
1450 1318 1635 1389 multi,
1684 1327 1743 1374 et
1796 1316 1839 1374 ii
1869 1328 1932 1377 10

267 1415 444 1486 docti,
474 1435 624 1491 saepe
652 1416 931 1478 fecerunt.
1012 1416 1225 1491 Neque
1267 1435 1379 1485 me¹
1403 1414 1612 1472 vixisse
1654 1413 1838 1490 poeni-

266 1521 380 1582 tet3
424 1513 693 1588 quoniam
722 1513 802 1571 ita
828 1513 964 1584 vixi,
994 1523 1058 1570 ut
1098 1532 1218 1570 non
1260 1513 1469 1569 frustra
1502 1530 1600 1582 ‚me
1641 1520 1841 1568 natum

268 1607 621 1665 existimem:
665 1618 722 1664 et
762 1627 834 1665 ex
872 1608 990 1665 vita
1032 1608 1116 1664 ita
1157 1608 1415 1677 discede,
1459 1617 1728 1681 tanquam
1772 1623 1844 1661 ex

270 1703 540 1780 hospitiO,
571 1721 690 1759 non
730 1713 998 1778 tanquam
1041 1720 1116 1759 ex
1155 1702 1345 1759 domo.
1427 1700 1844 1758 Commorandi

271 1798 428 1858 enim
474 1809 689 1864 natura,
719 1798 1096 1855 diversorium
1144 1797 1333 1868 nobis,
1381 1815 1499 1853 non
1547 1796 1844 1854 habitandi
1874 1813 1936 1860 15

269 1892 486 1964 locum,
517 1893 689 1950 dedit.
772 1892 829 1949 Ο
854 1893 1193 1967 praeclarum
1221 1893 1394 1964 diem,
1426 1910 1558 1950 cum
1590 1893 1660 1949 ad
1701 1891 1843 1950 illud

273 1987 530 2045 divinum
580 1988 898 2049 animorum
947 1988 1263 2047 concilium
1313 1998 1637 2064 coetumque
1676 1988 1846 2065 profi-

272 2084 480 2157 ciscar,
512 2104 757 2160 cumque
785 2104 856 2142 ex
884 2086 994 2143 hac
1023 2086 1192 2144 turbfi,
1220 2095 1277 2142 et
1305 2084 1631 2143 colluvione
1658 2085 1845 2145 disce-

271 2182 404 2240 dam
427 2182 440 2239 1
522 2182 865 2240 Proficiscar
894 2182 1069 2253 enim,
1098 2200 1217 2239 non
1249 2182 1319 2239 ad
1348 2201 1449 2239 eos
1469 2182 1654 2240 solum
1673 2183 1843 2254 vir08,

272 2279 344 2337 de
370 2279 577 2355 quibus
607 2288 737 2335 ante
767 2279 905 2350 dixi,
935 2280 1038 2335 sed
1064 2279 1241 2337 etiam
1283 2280 1355 2337 ad
1396 2278 1685 2337 Catonem
1724 2297 1843 2336 me-
1874 2284 1940 2336 2⁰

272 2395 391 2447 um,
418 2394 532 2451 quo
560 2394 735 2432 nemo
764 2375 848 2432 vir
876 2373 1078 2432 melior
1107 2385 1278 2432 natus
1307 2386 1413 2447 est,
1443 2394 1615 2432 nemo
1632 2375 1848 2452 pietate

273 2472 667 2550 praestantior:
711 2473 876 2548 cujus
907 2491 941 2529 a
978 2490 1071 2529 me
1114 2491 1325 2548 corpus
1367 2482 1685 2530 crematum
1726 2481 1845 2540 est3

277 2567 430 2642 quod
457 2553 657 2625 centra
683 2568 882 2626 decuit
911 2569 982 2625 ab
1011 2568 1112 2625 illo
1131 2587 1339 2626 meum.
1423 2568 1673 2624 Animus
1690 2585 1848 2637 vero,

277 2680 398 2719 non
428 2681 520 2718 me
547 2663 838 2736 deserens,
867 2664 970 2721 sed
999 2674 1353 2739 respectam,
1384 2663 1444 2721 in
1485 2682 1556 2720 ea
1593 2662 1853 2738 profecto

278 2759 415 2816 loca
439 2758 722 2832 discessit,
751 2780 864 2836 quo
890 2761 1033 2818 mihi
1050 2760 1162 2837 ipsi
1180 2761 1453 2817 cernebat
1475 2778 1601 2816 esse
1622 2758 1853 2815 venien·
1880 2763 1944 2813 25

276 2854 436 2912 dum.
516 2853 716 2916 Quem
759 2875 869 2933 ego
926 2876 1118 2915 meum
1173 2875 1373 2914 casum
1426 2855 1647 2913 sortiter
1703 2854 1856 2912 ferre

277 2950 433 3010 visus
459 2969 625 3022 sum3
669 2969 788 3008 non
826 2953 980 3028 quod
1022 2970 1187 3027 aequo
1230 2951 1422 3010 animo
1464 2950 1708 3009 ferrem:
1750 2949 1853 3008 sed

670 3047 712 3104 5
741 3044 774 3081 ¹¹
1027 3048 1033 3054 '
