2192 3550
291 299 371 359 5⁰
879 311 1058 357 cxl-o
1097 310 1330 369 masos,
1360 311 1487 360 ssu

386 477 610 519 morum
637 459 1019 533 disseruisset,
1050 462 1120 534 is,
1151 463 1249 538 qui
1297 472 1449 521 esset
1504 462 1764 522 omnium
1813 466 1959 541 sapi·

385 557 712 614 entissimus
753 557 990 615 oraculo
1033 559 1326 634 Apollinis
1362 558 1671 635 judicatus.
1790 559 1957 622 Quid

383 652 605 710 multa‘l
649 653 754 710 Sic
782 653 924 711 mihi
960 656 1242 730 persuasi,
1272 656 1357 712 sic
1385 654 1592 726 sentio,
1623 673 1756 712 cum
1798 665 1959 715 tanta

383 747 648 806 celeritas
692 750 1017 807 animorum·
1052 750 1146 822 sit,
1190 760 1350 807 tanta
1390 750 1668 808 memoria
1706 751 1957 826 praeteri·

320 860 353 910 5
382 853 593 917 torum,
624 846 1059 922 futurorumque
1096 846 1436 922 prudentia,
1466 855 1553 903 tot
1582 855 1753 919 arteS,
1782 857 1956 905 tantae

383 942 660 1016 scientiae,
703 954 789 1001 tot
836 944 1084 1016 inventa,
1127 962 1246 1000 non
1284 961 1456 1018 posse
1497 962 1626 1000 eam
1669 953 1952 1016 naturam,

385 1059 510 1117 quae
538 1059 631 1098 res
672 1060 770 1098 eas
811 1040 1126 1111 contineat,
1155 1057 1283 1096 esse
1325 1040 1657 1098 mortalem:
1706 1057 1955 1115 cumque

388 1155 612 1212 semper
656 1137 900 1214 agitetur
944 1136 1187 1205 animuS,
1217 1153 1330 1192 nec
1369 1135 1718 1212 principium
1761 1136 1952 1194 motus

383 1232 609 1304 habeat,
640 1232 776 1308 quia
815 1251 878 1289 se
919 1231 1039 1307 ipse
1066 1242 1345 1302 ,moveat3
1388 1251 1464 1288 ne
1505 1232 1678 1290 finem
1720 1233 1953 1308 quidem

207 1348 212 1353 ·
290 1332 351 1380 10
382 1327 710 1387 habiturum
738 1348 863 1386 esse
892 1329 1103 1400 motus»,
1134 1328 1271 1403 quia
1309 1347 1604 1403 nunquam
1634 1348 1696 1385 se
1726 1329 1850 1404 ipse
1877 1329 1953 1385 sit

380 1425 722 1483 relicturus:
766 1436 843 1497 et,
875 1444 1006 1482 cum
1049 1425 1291 1499 simplex
1328 1424 1505 1481 animi
1547 1435 1754 1482 natura
1781 1434 1952 1497 esset,

380 1540 568 1597 neque
597 1523 833 1579 haberet
861 1522 919 1578 in
948 1539 1010 1577 se
1052 1521 1364 1595 quidquam
1407 1520 1721 1578 admixtum
1762 1520 1958 1597 dispar

381 1618 470 1676 sui
494 1629 661 1694 atque
690 1618 985 1689 dissimile,
1015 1636 1134 1675 non
1161 1635 1330 1693 posse
1360 1635 1491 1674 eum
1520 1615 1732 1686 dividi;
1793 1616 1949 1691 quod

383 1714 431 1774 si
459 1734 572 1775 non
599 1714 798 1792 possit,
827 1732 945 1770 non
972 1731 1143 1790 posse
1165 1713 1434 1770 interii-e:
1478 1730 1804 1790 magnoque
1826 1730 1953 1770 esse

292 1816 353 1866 15
388 1803 743 1890 argumente,
789 1809 1053 1867 homines
1081 1811 1233 1868 scire
1281 1810 1557 1886 pleraque
1607 1819 1738 1866 ante
1782 1828 1954 1884 quam

383 1910 503 1967 nati
552 1909 684 1979 sint,
724 1907 895 1982 quod·
927 1907 1046 1983 jam
1087 1907 1274 1982 pueri,
1321 1925 1456 1963 cum
1503 1916 1651 1962 artes
1694 1904 1955 1963 difficiles

383 2006 626 2076 discant,
657 2005 739 2061 ita
759 2003 1024 2061 celeriter
1052 2021 1145 2059 res
1175 2002 1627 2060 innumerabiles
1657 2001 1953 2076 arripiant,

383 2111 445 2160 ut
472 2121 570 2159 eas
597 2119 715 2158 non
743 2110 866 2158 tum
905 2100 1156 2175 primum
1188 2099 1452 2172 accipere
1496 2076 1824 2168 videantur:
1844 2078 1953 2152 's'ed

382 2197 677 2255 reminisci
705 2207 763 2254 et
789 2195 1095 2253 recordari.
1181 2194 1330 2251 Haec
1358 2193 1523 2250 Plato
1550 2201 1802 2276 noster*

288 2391 352 2440 20
460 2389 663 2448 XXII.
749 2389 926 2465 Apud
971 2388 1423 2463 Xenophontem
1466 2394 1677 2456 autem,
1706 2383 1957 2443 'moriens

32 2485 63 2527 ζ
106 2474 239 2550 ‘³25
285 2487 330 2524 «Ρ-
384 2485 572 2562 Cyrus
618 2486 799 2562 major
848 2485 973 2551 haec
1016 2484 1198 2541 dicit:
1274 2481 1534 2539 “Nolite
1584 2479 1865 2552 arbitrari,
1921 2499 1958 2539 o

32 2570 77 2618 7·
107 2566 178 2610 ²⁷
191 2581 223 2589 ·
249 2565 279 2601 ²
303 2562 358 2599 ⁰²·
384 2582 526 2640 mihi
547 2582 829 2640 carissimi
857 2581 981 2654 filii,
1023 2601 1137 2653 ms,
1167 2599 1308 2652 oum·
1344 2598 1378 2636 a
1415 2577 1578 2635 vobis
1617 2576 1957 2649 discessero,

384 2697 666 2754 nusquam
695 2688 792 2736 aut
818 2679 1041 2737 nullum
1064 2678 1200 2734 fore.
1284 2675 1344 2732 N
1347 2694 1417 2732 ec
1446 2673 1623 2745 enim,
1641 2673 1779 2730 dum
1802 2691 1960 2730 eram

386 2775 705 2846 vobiscum,
753 2775 1007 2832 animum
1051 2792 1246 2830 meum
1301 2770 1616 2840 videbatis3
1675 2769 1779 2827 sed
1826 2787 1959 2826 eum

292 2884 357 2933 25
387 2890 512 2931 esse
541 2871 601 2928 in
630 2872 744 2929 hoc
771 2889 1034 2946 corpore,
1064 2889 1138 2927 ex
1169 2869 1250 2926 -iis
1290 2869 1462 2925 rebus
1490 2885 1632 2942 quas
1668 2864 1960 2943 gerebam,

388 2967 813 3046 intelligebatis.
945 2965 1216 3025 Eundem
1264 2964 1439 3042 igitur
1487 2981 1615 3022 esse
1660 2958 1961 3030 creditote,

388 3064 562 3124 etiam
602 3065 652 3123 si
693 3065 916 3124 nullum
957 3062 1242 3121 videbitis.
1324 3060 1459 3120 Nec
1497 3077 1635 3118 vero
1676 3056 1963 3117 clarorum
