2192 3550
562 312 837 374 mame,
880 312 1032 363 slvn
1074 313 1164 361 nn
1193 312 1510 360 amoma.
1841 291 1924 353 95

249 460 610 539 potissimum
638 465 909 543 diligunt,
936 484 1011 527 ex
1036 465 1246 542 quibus
1280 472 1515 542 sperant
1549 482 1616 523 se
1654 460 1832 521 maxi-

249 578 409 619 mum
457 561 705 621 fructum
751 581 879 623 esse
921 573 1210 639 capturos,
1307 563 1400 622 Ita
1439 560 1831 640 pulcherrima

247 656 358 721 illa
375 668 434 716 et
459 660 709 718 maxime
740 659 990 718 naturali
1018 671 1221 720 carent
1249 661 1524 734 amicitia,
1551 680 1654 737 per
1681 679 1745 719 se
1771 669 1831 717 et

243 763 477 831 propter
505 776 568 814 se
588 756 945 832 expetenda:
987 776 1101 816 nee
1129 757 1239 834 ipsi
1266 758 1377 816 sibi
1394 758 1658 835 exemplo
1675 767 1828 830 sunt,

246 851 373 910 haee
400 853 488 910 vis
516 853 785 921 amicitiae
812 853 998 931 qualis
1017 864 1077 913 et
1105 865 1321 932 quanta
1344 855 1436 913 sit.
1518 854 1652 931 Ipse
1673 856 1829 914 enim
1856 861 1890 911 5

244 967 308 1006 se
334 949 576 1026 quisque
604 950 813 1029 diligit,
842 970 961 1009 non
1001 962 1065 1010 ut
1108 952 1356 1028 aliquam
1385 971 1420 1010 a
1445 970 1507 1011 se
1535 953 1658 1028 ipse
1686 972 1832 1011 mer-

244 1045 449 1113 eedem
477 1045 671 1125 exigat
703 1048 984 1107 caritatis·
1003 1068 1144 1121 suae,
1173 1049 1276 1106 sed
1305 1048 1458 1125 quod
1484 1068 1588 1125 per
1628 1068 1691 1107 se
1719 1048 1830 1108 sibi

241 1141 484 1218 quisque
513 1160 683 1203 carus
708 1155 833 1204 est:
876 1146 1031 1222 quod
1071 1146 1187 1205 nisi
1228 1146 1382 1205 idem
1423 1146 1485 1204 in
1515 1146 1831 1209 amicitiam

240 1238 636 1314 transferatur,
664 1262 833 1301 verus
876 1244 1101 1302 amicus
1141 1232 1436 1320 nunquam
1478 1244 1826 1325 reperietur:

235 1345 328 1394 eat
353 1337 507 1395 enim
538 1338 587 1396 is
613 1340 849 1415 quidem
874 1352 1148 1417 tanquam
1177 1340 1320 1400 alter
1349 1342 1520 1401 idem.
1859 1350 1922 1400 10

314 1433 498 1495 Quod
523 1435 575 1494 si
596 1437 710 1495 hoe
735 1449 968 1514 apparet
990 1439 1051 1496 in
1072 1439 1294 1511 bestiis»,
1317 1440 1670 1513 volueribuS,
1690 1458 1832 1497 nan-

231 1529 412 1603 tibus),
443 1533 783 1610 agrestibus,
812 1536 1130 1607 cicuribuS,
1172 1535 1326 1607 feris,
1366 1537 1614 1612 primum
1657 1546 1721 1593 ut
1766 1554 1831 1594 se

236 1626 377 1702 ipsae
399 1628 644 1705 diligant
667 1629 758 1706 (id
779 1632 937 1689 enim
957 1632 1172 1707 pariter
1191 1651 1326 1690 eum
1346 1633 1505 1690 omni
1536 1632 1829 1690 animante

233 1723 548 1804 nascitur),
578 1725 810 1798 deinde,
834 1736 897 1784 ut
925 1727 1220 1802 requirant
1251 1737 1419 1804 atque
1444 1737 1732 1805 appetant,
1757 1728 1829 1786 ad

233 1837 380 1894 quas
423 1839 486 1892 se
535 1822 846 1897 applicent,
891 1823 1149 1899 ejusdem
1193 1824 1424 1901 generis
1473 1825 1825 1896 animantes;
1858 1811 1920 1875 15

236 1915 414 1991 idque
469 1915 692 1976 faciunt
748 1937 881 1977 cum
936 1919 1248 1993 desideriO,
1286 1931 1346 1978 et
1393 1940 1526 1979 eum
1579 1921 1827 1998 quadam

234 2012 617 2073 similitudine
647 2015 857 2074 amoris
896 2016 1170 2090 humani3
1214 2029 1430 2094 quanto
1459 2017 1520 2076 id
1556 2018 1740 2097 magis
1766 2018 1827 2077 in

235 2110 473 2170 homine
494 2112 559 2171 fit
585 2113 813 2186 natura,
832 2114 1007 2190 quiet
1033 2135 1097 2174 se
1127 2115 1250 2194 ipse
1277 2116 1486 2195 diligit,
1504 2127 1563 2175 et
1587 2116 1829 2175 alterum

236 2208 508 2284 anquirit,
539 2209 707 2287 eujus
736 2211 991 2270 animum
1034 2213 1119 2271 ita
1160 2233 1296 2273 eum
1335 2233 1443 2273 suo
1468 2214 1733 2287 misceat,
1761 2223 1847 2273 ut'

233 2304 450 2365 efficiat
473 2325 848 2388 paeneounum
874 2328 948 2368 ex
974 2308 1239 2370 duobus?
1345 2359 1350 2364 .
1854 2319 1919 2369 2⁰

315 2496 520 2559 XXII.
605 2502 724 2561 Sed
755 2502 1014 2580 plerique
1052 2523 1319 2581 perverse
1351 2503 1454 2583 (ne
1482 2505 1694 2576 dicam,
1724 2503 1829 2563 im-

234 2592 547 2676 pudenter)
595 2598 845 2658 amicum
889 2597 1102 2660 habere
1148 2601 1322 2659 talem
1366 2601 1584 2674 volunt,
1630 2601 1829 2676 quales

236 2689 350 2766 ipsi
387 2709 515 2749 esse
541 2712 658 2752 non
678 2707 956 2772 possunt:
1000 2717 1240 2775 qumque
1268 2697 1378 2775 ipsi
1405 2716 1525 2756 non
1566 2698 1828 2756 tribuunt

239 2787 463 2860 amieiS,
510 2788 635 2848 haee
681 2793 752 2851 ab
799 2794 872 2852 iis
900 2790 1252 2853 desiderant.
1335 2794 1447 2855 Par
1475 2804 1564 2854 est
1613 2804 1825 2867 autem,

234 2884 487 2962 primum
532 2886 718 2963 ipsum
762 2909 891 2950 esse
919 2893 1105 2951 virum
1151 2893 1388 2965 bonum,
1418 2902 1542 2951 tum
1586 2892 1824 2953 alterum
1853 2898 1920 2948 25

235 2982 484 3042 similem
512 2984 603 3043 sui
631 3004 906 3061 quaerere.
989 2990 1058 3048 In
1093 2990 1309 3049 talibus
1349 3009 1439 3063 ea,
1468 3009 1638 3066 quam
1684 2989 1827 3067 jam-

237 3079 453 3141 dudum
480 3091 817 3158 traetamuS,
859 3086 1142 3147 stabilitas
1185 3086 1454 3147 amicitiae
1495 3087 1826 3147 eonfirmari
