2192 3550
597 309 874 368 LAELIUS,
907 308 1057 356 srvis:
1095 307 1184 355 nn
1224 306 1539 355 mortu.
1816 294 1954 359 ›1oe

275 459 433 517 enim
461 459 680 517 dictum
709 470 796 521 est
825 460 896 517 ab
926 459 1208 517 amando:
1253 476 1444 516 amare
1473 465 1665 516 autem
1710 455 1857 516 nihil

277 556 431 614 aliud
478 567 584 629 est,
614 557 728 615 nisi
776 576 907 614 eum
952 555 1140 632 ipsum
1169 555 1430 632 diligere,
1461 572 1631 630 quem
1679 572 1856 627 ames,

273 653 434 712 nulla
497 653 839 730 indigentia,
890 652 1051 710 nulla
1105 652 1352 710 utilitate
1395 652 1636 727 quaesita
1653 671 1669 722 ς
1729 666 1858 728 quae

272 759 465 808 tamen
510 751 634 826 ipsa
675 750 982 806 efflorescit
1024 768 1096 805 ex
1153 749 1429 821 amicitia,
1478 748 1652 806 etiam
1698 748 1748 806 si
1792 757 1858 807 tu

271 865 401 904 eam
427 847 621 905 minus
648 856 882 905 secutus
909 846 1003 902 sis.
1128 884 1136 893 ,
1884 844 1920 897 ³

351 943 485 1001 Hac
514 961 620 999 nos
649 942 1043 1001 adolescentes
1082 940 1486 998 benevolentia
1513 958 1680 998 senes
1708 940 1856 1015 illos,

272 1039 339 1098 L.
389 1040 474 1096 Pa
538 1058 654 1110 um,
698 1038 783 1096 M.
825 1039 1135 1110 Catonem,
1180 1038 1250 1095 C.
1279 1037 1530 1109 Gallum,
1577 1036 1643 1096 P.
1687 1037 1858 1095 Nasiz-

272 1155 424 1207 cam,
524 1136 559 1194 i.
604 1136 957 1208 Gracchum,
1003 1135 1301 1211 Scipionis
1346 1134 1527 1192 nostri
1569 1152 1855 1208 socerum,

272 1232 591 1291 dileximus,
673 1232 821 1290 Haec
854 1233 1027 1306 etiam
1058 1232 1241 1309 magis
1269 1231 1461 1290 elucet
1487 1231 1636 1289 inter
1674 1250 1859 1308 aequa-

269 1327 374 1400 les,
397 1338 461 1389 ut
487 1328 636 1386 inter
663 1348 756 1387 me
788 1340 846 1387 et
875 1329 1232 1406 Scipionem,
1263 1328 1329 1387 L.
1359 1327 1620 1401 Furium,
1642 1327 1707 1387 P.
1731 1327 1859 1387 Ru·
1886 1328 1950 1380 10

266 1425 489 1500 pilium,
539 1426 638 1502 Sp.
684 1425 1050 1485 Mummium.
1133 1425 1411 1484 Vicissim
1455 1435 1647 1483 autem
1687 1442 1858 1483 senes

268 1520 330 1578 in
373 1522 826 1580 adolescentium
867 1524 1110 1580 caritate
1156 1522 1588 1597 ‘acquiescimus
1604 1542 1619 1592 ;
1677 1530 1743 1578 ut
1795 1521 1857 1579 in

269 1619 476 1689 vestra,
505 1628 570 1676 ut
595 1619 657 1675 in
688 1618 769 1679 Q.
813 1618 1189 1675 Tuberonis:
1234 1617 1502 1691 equidem
1543 1617 1718 1673 etiam
1762 1617 1858 1673 ad-

268 1711 505 1769 modum
579 1712 980 1785 adolescentis,
1035 1713 1103 1770 P.
1157 1712 1393 1784 Rutilii,
1449 1712 1523 1770 A.
1579 1712 1854 1789 Virginii,

271 1808 655 1866 familiaritate
722 1808 995 1867 delector.
1102 1808 1518 1883 Quoniamque
1573 1808 1656 1866 ita
1706 1808 1855 1867 ratio
1884 1813 1948 1864 15

270 1915 603 1979 comparata
623 1914 709 1961 est
729 1905 858 1962 vitae
878 1914 1208 1981 naturaeque
1234 1914 1466 1978 nostrae,
1492 1916 1553 1963 ut
1577 1904 1690 1963 alia
1716 1914 1854 1964 aetas

269 2000 520 2071 oriatur3
564 2000 811 2058 maxime
853 2001 1086 2075 quidem
1134 2001 1449 2077 optandum
1476 2010 1582 2074 est,
1611 2011 1674 2060 ut
1717 2017 1853 2061 cum

269 2097 582 2173 aequalibus
618 2096 824 2173 possiS,
853 2098 1196 2173 quibuscum
1227 2108 1498 2173 tanquam
1539 2113 1573 2155 e
1609 2097 1854 2157 carceri-

267 2194 375 2253 bus
427 2194 672 2253 emissus
724 2193 823 2266 sis,
884 2212 1018 2252 cum
1072 2194 1280 2251 iisdem
1335 2193 1406 2250 ad
1474 2193 1697 2253 calcem
1759 2195 1851 2274 (ut

267 2291 505 2370 dicitur)
553 2290 868 2367 pervenire.
952 2290 1090 2362 Sed,
1132 2290 1409 2365 quoniam
1443 2309 1536 2348 res
1584 2292 1848 2352 humanm
1878 2301 1943 2354 2⁰

269 2385 499 2463 fragiles
545 2387 897 2461 caducaeque
950 2396 1103 2458 sunt,
1159 2405 1382 2461 semper
1437 2387 1610 2463 aliqui
1653 2385 1849 2462 anqui-

267 2481 432 2538 rendi
458 2492 610 2555 sunt,
639 2502 781 2558 quos
801 2482 1129 2559 diligamus,
1151 2493 1210 2538 et
1229 2501 1265 2538 a
1287 2482 1494 2557 quibus
1521 2481 1844 2559 diligamur.

268 2576 525 2635 Caritate
551 2578 704 2636 enim
731 2577 1247 2651 benevolentiaque
1271 2576 1517 2648 sublata,
1545 2578 1732 2635 omnis
1757 2587 1847 2636 est

268 2690 302 2729 e
328 2671 445 2728 vita
471 2672 695 2730 sublata
719 2674 1067 2750 jucunditas.
1151 2670 1302 2728 Mihi
1344 2671 1575 2747 quidem
1622 2672 1841 2749 Scipio,

267 2786 591 2844 quanquam
630 2779 717 2826 est
759 2771 949 2828 subito
978 2779 1228 2844 ereptus,
1258 2767 1413 2825 vivit·
1442 2777 1655 2840 tamen,
1699 2782 1847 2827 sem-
1873 2773 1938 2825 25

266 2882 481 2941 perque
534 2864 718 2922 vivet:
761 2865 1030 2924 virtutem
1076 2864 1232 2922 enim
1282 2864 1464 2922 amavi
1516 2864 1671 2922 illius
1713 2865 1841 2941 viri,

266 2981 392 3036 quae
425 2944 709 3018 exsiincta
746 2978 867 3019 non
893 2971 997 3021 est.
1081 2961 1217 3019 Nec
1243 2961 1385 3019 mihi
1430 2961 1540 3018 soli
1586 2972 1843 3023 versatur

269 3068 402 3118 ante
425 3057 647 3131 oculos,
676 3057 774 3135 qui
803 3057 960 3117 illam
980 3076 1205 3134 semper
1234 3058 1294 3116 in
1334 3058 1599 3119 manibus
1624 3058 1837 3136 habuiJ
