2192 3550
580 317 854 378 LAELIUS,
890 315 1039 366 srvn
1079 309 1166 364 ΒΕ
1206 313 1516 364 amoma.
1838 278 1918 364 65

261 465 463 524 landos
488 478 778 543 putemus3
822 468 958 542 quia
982 475 1290 540 sequantur
1322 462 1829 541 (quantumhomi-

258 581 365 620 nes
416 566 680 642 possunt)
737 573 1020 634 naturam,
1075 562 1345 638 optimam
1400 563 1549 618 bene
1602 559 1828 617 vivendi

259 659 484 717 ducem.
568 661 671 716 Sic
718 660 872 716 enim
919 658 1059 715 mihi
1111 658 1437 734 perspicere
1484 657 1701 727 videor,
1750 656 1831 713 ita

256 765 425 812 natos
471 774 597 813 esse
643 773 769 826 nos,
818 765 881 812 ut
926 754 1074 811 inter
1130 773 1329 811 omnes
1381 766 1532 810 esset
1584 752 1834 809 societas

256 852 551 925 quaedam:
621 851 802 926 major
871 860 1080 922 autem,
1139 860 1203 908 ut
1266 850 1507 925 quisque
1570 848 1830 924 proxime
1858 857 1891 907 5

259 947 600 1003 accederet:
645 947 837 1021 itaque
879 947 1036 1003 cives
1076 945 1328 1023 potiores
1370 962 1540 1018 quam
1581 944 1832 1020 peregri·-

255 1043 353 1112 ni3
410 1052 468 1099 et
513 1043 831 1118 propinqui,
876 1052 1046 1117 quam
1096 1041 1301 1100 alieni:
1361 1059 1493 1097 oum
1541 1040 1630 1096 his
1676 1040 1832 1097 enim

260 1132 574 1195 amicitiam
605 1148 809 1196 natura
835 1139 959 1215 ipsa
981 1139 1220 1214 peperit.
1283 1138 1423 1195 Sed
1452 1155 1522 1194 ea
1547 1154 1665 1193 non
1694 1135 1832 1206 satis

259 1233 432 1291 habet
477 1235 789 1293 firmitatis:
846 1253 1094 1315 namque
1142 1236 1253 1292 hoo
1299 1243 1531 1309 praestat
1579 1232 1834 1290 amicitia

255 1330 687 1405 propinquitati,
711 1332 859 1406 quod
887 1351 959 1389 ex
982 1331 1404 1415 propinquitate
1431 1328 1833 1388 benevolentia
1847 1339 1923 1395 ,10

256 1426 379 1484 tolli
406 1438 612 1502 potest,
636 1447 708 1484 ex
736 1428 992 1486 amicitia
1018 1444 1136 1485 non
1162 1437 1379 1503 potest:
1424 1427 1648 1484 sublata
1676 1425 1830 1483 enim

256 1522 678 1595 benevolentia,
711 1524 977 1582 amicitiae
995 1527 1215 1581 'nomen
1231 1524 1482 1594 tollitur,
1505 1521 1833 1598 propinqui-

257 1618 391 1675 tatis
418 1629 627 1676 manet.
708 1619 951 1681 Quanta
979 1629 1169 1676 autem
1206 1619 1291 1676 vis
1334 1619 1600 1675 amicitiae
1638 1618 1730 1688 sit,
1760 1634 1833 1673 ex

258 1714 371 1770 hoo
420 1714 664 1791 intelligi
717 1716 962 1771 maxime
1008 1723 1215 1790 potest,
1266 1715 1438 1788 quod,
1488 1731 1560 1769 ex
1606 1713 1831 1769 infinita
1991 1786 1995 1792 J

257 1810 538 1866 societate
572 1810 801 1885 generis
836 1810 1093 1881 humani,
1125 1828 1293 1884 quam
1336 1808 1668 1865 conciliavit
1709 1808 1834 1883 ipsa
1862 1820 1924 1868 15
1976 1793 1990 1803 '⁷

258 1915 482 1976 natura,
521 1906 604 1964 ita
640 1915 939 1962 contracta
977 1923 1068 1961 res
1109 1914 1214 1976 est,
1248 1914 1307 1960 et
1344 1904 1595 1972 adducta
1633 1904 1695 1961 in
1718 1923 1833 1961 an·
1901 1949 1904 1952 .

259 2011 508 2079 gustum,
532 2011 595 2058 ut
621 2001 807 2059 omnis
836 2001 1046 2058 caritas
1076 2012 1172 2059 aut
1199 2002 1347 2058 inter
1370 2001 1533 2073 duos,
1559 2011 1655 2059 aut
1682 2001 1831 2059 inter

257 2115 493 2174 pauoOS,
517 2098 870 2174 jungeretur.

334 2291 436 2349 VI.
520 2292 627 2349 Est
694 2302 883 2349 autem
953 2292 1210 2351 amicitia
1272 2292 1416 2351 nihil
1487 2292 1660 2364 aliud,
1687 2292 1831 2351 ‘nisi

257 2389 512 2445 omnium
552 2388 871 2446 divinarum
916 2388 1408 2464 humanarumque
1445 2408 1656 2460 rerum,
1696 2408 1826 2446 cum
1857 2397 1921 2446 20

259 2482 657 2541 benevolentia
694 2494 751 2541 et
786 2485 1045 2555 caritate,
1076 2504 1299 2543 summa
1326 2481 1671 2542 eonsensio:
1717 2485 1829 2559 qua⁴

259 2577 486 2651 quidem
528 2580 680 2637 haud
721 2581 865 2652 sei0,
903 2600 994 2652 an,
1032 2581 1275 2656 excepta
1322 2581 1623 2655 sapientia,
1671 2581 1831 2655 quid-

257 2691 426 2749 quam
482 2675 682 2733 melius
736 2676 957 2735 homini
1011 2677 1085 2734 sit
1111 2712 1115 2716 ,
1142 2687 1175 2733 'a
1226 2675 1358 2733 Diis
1412 2676 1829 2734 immortalibus

178 2843 183 2846 .
258 2769 470 2826 datum.
578 2769 823 2829 Divitias
885 2773 981 2831 alii
1040 2782 1400 2848 praeponunt,
1456 2773 1667 2829 bonam
1731 2772 1826 2830 alii

258 2865 662 2937 valetudinem,
708 2868 802 2924 alii
843 2869 1182 2943 potentiam,
1222 2868 1317 2925 alii
1354 2869 1622 2939 honoreS,
1661 2869 1825 2928 multi
1854 2884 1919 2934 25

255 2961 430 3020 etiam
457 2961 786 3037 voluptates.
869 2965 1200 3023 Belluarum
1233 2955 1345 3021 hoc
1373 2964 1603 3039 quidem
1645 2975 1826 3022 extre·

255 3076 413 3117 mum
433 3067 548 3115 est:
591 3057 690 3116 illa
712 3068 904 3118 autem
923 3060 1237 3138 superiora,
1260 3060 1484 3119 caduca
1502 3070 1561 3120 et
1582 3061 1821 3133 ineerta,

644 3154 685 3213 6
705 3153 740 3189 ο
