2192 3550
276 295 389 355 102
684 304 956 365 LAEst,
993 304 1142 354 sura
1180 306 1267 355 nn
1303 304 1618 353 AMICITIA.

363 471 499 511 eum
527 453 697 510 ferret
740 454 927 531 legem
967 455 1041 512 de
1081 455 1330 514 tribunis
1367 453 1554 531 plebis
1579 442 1940 510 reficiendis!

363 549 753 607 Dissuasimus
778 570 900 608 noS.
984 550 1103 608 Sed
1128 552 1272 609 nihil
1296 551 1368 608 de
1396 569 1521 607 me:
1564 549 1638 606 de
1666 547 1943 624 Scipione

363 645 554 702 dicam
592 646 880 704 libentius.
961 647 1206 709 Quanta
1241 648 1339 705 illa
1368 646 1495 724 (Dii
1524 645 1873 704 immortales
1895 644 1939 723 1)

366 741 471 799 fuit
517 742 795 818 gravitas!
853 754 1069 819 quanta
1115 745 1175 801 in
1219 745 1479 802 oratione
1522 743 1821 819 majestas!
1879 749 1944 798 ut

302 851 335 899 5
366 839 534 895 faeile
568 838 776 896 ducem
817 840 1016 916 populi
1060 840 1337 913 Romani,
1366 860 1485 898 non
1529 841 1818 912 comitem,
1861 837 1944 895 di·

365 954 543 993 ceres.
629 935 776 1014 (Sed
808 938 1080 996 affuistis:
1124 949 1182 996 et
1209 948 1297 995 est
1325 938 1383 995 in
1414 938 1679 995 manibus
1707 935 1939 1013 oratio.)

365 1031 567 1109 Itaque
610 1034 703 1090 lex
742 1035 1035 1111 popularis
1082 1036 1371 1112 suffragiis
1413 1034 1612 1110 populi
1645 1032 1946 1108 repudiata

364 1140 467 1186 est.
551 1130 763 1206 Atque,
815 1142 877 1189 ut
926 1132 997 1189 ad
1045 1150 1138 1189 me
1178 1133 1430 1202 redeam,
1469 1130 1829 1200 meministiS,
1857 1127 1939 1189 Q.

365 1225 643 1299 MaximO,
668 1228 838 1285 fratre
868 1229 1180 1304 Scipioni3‚
1204 1238 1262 1284 et
1290 1226 1355 1284 L.
1381 1227 1664 1284 Mancino
1694 1225 1944 1283 consuli·

275 1321 336 1370 1⁰
366 1324 491 1396 buS,
520 1343 690 1399 quam
717 1325 1007 1400 popularis
1038 1324 1133 1380 lex
1160 1325 1232 1380 de
1259 1323 1597 1380 sacerdotiis
1626 1323 1693 1380 C.
1726 1321 1957 1379 Licinii

365 1420 561 1483 Crassi
588 1421 883 1478 videbatur
908 1440 920 1478 ε
965 1419 1259 1495 cooptatio
1288 1420 1442 1476 enim
1472 1419 1846 1495 collegiorum
1873 1419 1946 1476 ad

363 1518 560 1593 populi
589 1518 932 1575 beneficium
972 1516 1436 1574 transferebatur.
1519 1516 1713 1591 Atque
1756 1515 1804 1571 is
1830 1515 1947 1591 pri-

364 1634 521 1672 mum
544 1614 806 1686 instituit,
827 1614 887 1671 in
906 1614 1091 1671 forum
1113 1631 1527 1690 versusnagere
1548 1631 1679 1670 eum
1702 1610 1941 1688 populo:

361 1722 555 1770 tamen
580 1713 730 1769 illius
751 1710 1097 1768 vendibilem
1118 1711 1438 1768 orationem
1458 1710 1664 1787 religio
1689 1710 1943 1767 Deorum

215 1791 220 1796 ’
275 1815 336 1863 15
365 1811 790 1882 immortalium,
834 1808 1001 1868 nobis
1042 1808 1503 1880 defendentibuS,
1544 1808 1714 1865 facile
1755 1807 1946 1865 vinee·

365 1909 476 1963 bat.
560 1908 755 1981 Atque
809 1907 868 1963 id
923 1915 1117 1963 actum
1163 1914 1268 1977 est,
1323 1915 1570 1981 praetore
1624 1924 1735 1977 ine,
1784 1904 1947 1980 quin·

364 2003 614 2077 quennio
645 2012 775 2059 ante
796 2022 964 2078 quam
989 2001 1190 2059 consul
1221 2020 1347 2059 sum
1376 2003 1577 2061 faetus».
1660 2002 1860 2078 Itaque
1882 2019 1944 2058 re

363 2099 566 2175 magiS,
595 2118 765 2174 quam
795 2098 1155 2169 auctoritate,
1180 2116 1358 2157 eausa
1386 2099 1485 2157 illa
1514 2093 1751 2156 defensa
1777 2103 1884 2156 est.

441 2289 669 2348 XXVI.
723 2290 903 2352 Quod
926 2290 975 2347 si
997 2290 1057 2346 in
1079 2291 1258 2348 scena
1284 2290 1371 2368 [id
1388 2302 1492 2363 est,
1513 2292 1572 2348 in
1596 2290 1938 2372 concione],

268 2397 335 2447 20
364 2387 424 2445 in
454 2388 565 2463 qua
594 2389 765 2445 rebus
793 2387 945 2445 fietis
983 2398 1041 2445 et
1084 2388 1435 2446 adumbratis
1475 2387 1590 2443 loei
1630 2387 1942 2463 plurimum

362 2495 467 2558 est,
496 2496 688 2543 tamen
716 2503 913 2542 verum
935 2485 1086 2541 valet
1112 2484 1188 2562 (si
1218 2485 1389 2542 modo
1418 2483 1477 2539 id
1501 2484 1854 2558 patefactum
1883 2494 1942 2542 et

362 2582 704 2641 illustratum
750 2583 886 2662 est),
937 2583 1074 2658 quid
1120 2582 1180 2638 in
1226 2580 1481 2638 amicitia
1523 2579 1647 2637 fieri
1693 2592 1937 2657 oportet,

358 2698 485 2755 quae
524 2688 648 2737 tota
685 2680 924 2736 veritate
962 2676 1374 2753 perpenditur?
1424 2673 1484 2732 in
1524 2677 1637 2752 qua
1678 2678 1790 2735 nisi
1849 2679 1940 2753 (ut

361 2775 598 2855 dieitur)
644 2786 901 2851 apertum
940 2784 1144 2850 pectus
1181 2772 1394 2843 videas,
1438 2782 1714 2850 tuumque
1753 2786 1940 2833 osten-

265 2885 331 2935 23
360 2871 480 2943 daS,
529 2872 671 2928 nihil
719 2872 916 2942 fidum,
961 2870 1103 2927 nihil
1153 2868 1507 2944 exploratum
1556 2871 1805 2929 habeas:
1863 2891 1938 2929 ne

360 2986 551 3024 amare
570 2968 820 3043 quidem,
847 2977 942 3025 aut
965 2966 1141 3023 amari
1160 2986 1173 3035 ;
1206 2984 1360 3038 oum,
1391 2966 1450 3023 id
1471 2987 1642 3043 quam
1663 2987 1794 3025 vere
1816 2969 1933 3041 fiat,

357 3058 600 3140 ignores,
694 3063 1047 3138 Quanquam
1121 3062 1234 3120 ista
1293 3064 1623 3138 assentatio,
1680 3064 1937 3141 quamvis
