2192 3550
268 291 347 351 68
682 305 954 365 Latmus
985 304 1134 353 s1vE
1174 304 1258 353 nn
1300 304 1608 355 AMICITIA.

439 455 883 531 Agrigentinum
931 458 1182 533 quidem,
1229 458 1458 515 doctum
1510 459 1793 533 quendam
1849 457 1932 514 vi·-

361 570 507 621 rum,
538 552 885 608 carminibus
913 554 1133 610 Graecis
1160 532 1531 611 vaticinatum
1564 554 1772 625 ferunt,
1803 573 1931 628 quae

362 646 421 703 in
450 665 638 704 rerum
668 649 872 704 natura
900 659 1137 723 totoque
1164 651 1381 707 mundo
1410 660 1759 721 constarent,
1781 669 1933 724 quae-

361 756 472 816 que
513 753 894 814 moverentur,
940 764 1011 802 ea
1049 747 1391 803 contrahere
1437 745 1767 815 amicitiam,
1820 745 1934 802 dis·

299 843 331 892 5
360 837 544 913 sipare
587 839 950 899 discordiam.
1035 842 1247 917 Atque·
1286 843 1398 900 hoc
1452 843 1681 918 quidem
1728 855 1930 897 omnes

358 936 626 992 mortales
654 945 711 992 et
739 937 1086 1014 intelligunt,
1117 948 1174 995 et
1201 957 1264 994 re
1290 939 1550 1013 probant.
1632 937 1848 1011 Itaque,
1879 932 1928 992 si

359 1032 588 1107 quando
611 1033 840 1108 aliquod
863 1035 1116 1091 officium
1140 1035 1351 1091 exstitit
1376 1034 1546 1091 amici
1575 1034 1633 1091 in
1658 1031 1931 1109 periculis

362 1138 459 1185 aut
492 1129 779 1187 adeundis
823 1140 918 1188 aut
960 1130 1476 1199 communicandis,
1521 1130 1649 1203 quis
1690 1139 1795 1201 est,
1833 1127 1932 1204 qui

361 1224 420 1282 id
447 1244 564 1282 non
594 1226 855 1284 maximis
883 1227 1081 1282 efferat
1107 1224 1416 1280 laudibus?
1495 1225 1621 1284 Qui
1651 1226 1934 1282 clamores

270 1321 331 1370 10
359 1321 481 1377 tota
523 1323 699 1379 cavea
752 1340 931 1396 nuper
973 1322 1032 1377 in
1074 1318 1314 1393 hospitis
1355 1328 1413 1374 et
1454 1319 1625 1375 amici
1668 1320 1801 1389 mei,
1845 1318 1929 1374 M.

359 1416 617 1489 Pacuvii,
646 1418 795 1475 nova
824 1416 1046 1484 fabul&
1092 1432 1244 1484 cum,
1275 1413 1577 1488 ignorante
1618 1431 1774 1488 rege,
1803 1423 1930 1469 uter

361 1531 559 1571 eorum
608 1525 758 1570 esset
803 1511 1056 1579 Orestes,
1103 1509 1345 1584 Pylades
1386 1507 1653 1565 Orestem
1695 1527 1757 1564 se
1803 1528 1931 1565 esse

360 1609 598 1679 diceret,
627 1619 690 1665 ut
716 1625 819 1682 pro
847 1606 944 1661 illo
971 1614 1306 1674 necaretur3
1349 1603 1587 1661 Orestes
1605 1614 1826 1677 autem,
1851 1605 1933 1662 ita

362 1715 424 1761 ut
451 1714 591 1776 erat,
619 1702 883 1759 Orestem
927 1719 988 1756 se
1028 1720 1154 1758 esse
1188 1702 1613 1777 perseveraret!
1699 1703 1931 1759 Stantes

270 1805 332 1853 15
361 1800 708 1876 plaudebant
747 1798 808 1853 in
849 1814 912 1853 re
951 1797 1127 1855 ficta:
1172 1798 1306 1872 quid
1341 1799 1680 1856 arbitramur
1709 1799 1768 1855 in
1799 1798 1933 1854 vera

364 1897 537 1954 fuisse
584 1885 873 1950 facturos?
968 1894 1170 1952 Facile
1219 1895 1512 1952 indicabat
1559 1896 1683 1970 ipsa
1727 1905 1933 1952 natura

361 1990 474 2047 vim
515 2007 695 2059 suam,
738 2007 870 2045 cum
912 1989 1195 2061 homines,
1239 1991 1390 2064 quod
1434 1990 1623 2047 facere
1665 1991 1773 2065 ipsi
1814 2007 1930 2046 non

359 2091 607 2159 possent,
638 2082 696 2138 id
723 2093 880 2140 recte
908 2083 1032 2140 fieri
1061 2084 1122 2140 in
1154 2084 1330 2139 altero
1354 2084 1695 2158 judicarent.

439 2177 740 2235 Hactenus
779 2179 921 2235 mihi
956 2179 1171 2248 videor,
1202 2179 1273 2234 de
1304 2178 1559 2234 amicitia
1592 2178 1728 2251 quid
1762 2177 1932 2233 senti-

267 2278 331 2327 20
361 2292 501 2345 rem,
521 2273 775 2349 potuisse
798 2275 1007 2331 dicere.
1079 2274 1259 2348 Siqua
1277 2282 1552 2348 praeterea
1576 2282 1708 2329 sunt
1732 2272 1931 2347 (credo

364 2378 553 2427 autem
593 2387 720 2425 esse
761 2370 988 2448 multa),
1026 2370 1095 2426 ab
1136 2369 1224 2441 iis,
1263 2369 1651 2439 si‘videbitur,
1687 2367 1783 2443 qui
1824 2368 1933 2426 ista

363 2465 672 2540 disputant,
702 2465 1017 2539 quaeritote.

439 2560 721 2618 Fannius.
804 2560 933 2617 Nos
969 2571 1158 2619 autem
1190 2581 1223 2619 a
1248 2571 1305 2618 te
1337 2560 1528 2636 potius
1547 2581 1561 2630 3
1604 2579 1930 2636 quanquam

362 2655 536 2713 etiam
558 2656 635 2713 ab
662 2657 788 2713 istis
806 2675 959 2731 saepe
980 2658 1234 2732 quaesivi,
1258 2668 1314 2713 et
1345 2657 1553 2727 audivi,
1576 2675 1694 2713 non
1724 2658 1930 2714 invitus

267 2762 333 2813 25
364 2754 672 2832 equidem:
715 2754 822 2809 sed
870 2753 1026 2810 aliud
1074 2754 1361 2828 quoddam
1409 2754 1729 2828 expetimus
1774 2753 1930 2810 filum

363 2850 640 2909 orationis
665 2859 797 2907 tuae.

441 2945 711 3004 Scaevola.
794 2943 952 3002 Tum
998 2945 1183 3021 magis
1238 2945 1296 3003 id
1344 2945 1588 3016 diceres,
1637 2942 1842 3011 Fanni,
1880 2939 1928 2997 si

363 3060 546 3120 nuper
586 3041 647 3099 in
687 3041 865 3100 hortis
904 3041 1216 3118 ScipioniS,
1254 3060 1389 3102 cum
1416 3053 1503 3101 est
1530 3042 1602 3099 de
1641 3036 1929 3117 republica
