2192 3550
579 321 854 380 nmmos,
890 320 1040 369 sm:
1078 319 1168 366 m:
1205 318 1520 367 mom
1744 280 1755 295 ⁶
1851 306 1934 367 m

261 469 510 546 denique
534 468 758 528 errasse
799 467 1077 541 sentiunt,
1107 485 1243 525 cum
1273 485 1374 530 eos
1412 464 1603 544 gravis
1632 464 1838 541 aliquis

265 584 433 624 casus
459 565 706 642 experiri
735 565 911 642 cogit.

334 661 642 725 Quocirca
688 660 1032 740 (dicendum
1078 669 1168 717 est
1214 659 1374 719 enim
1418 660 1654 739 saepius)
1705 675 1840 717 cum

252 757 622 834 judicaveris„
652 756 895 834 diligere
922 765 1184 832 oportet3
1226 773 1367 827 non,
1386 774 1521 813 cum
1548 753 1843 828 dilexeris²

254 854 535 930 judicare.
618 852 758 924 Sed,
787 871 923 911 cum
960 852 1171 909 multis.
1197 851 1259 909 in
1286 851 1459 909 rebus
1484 849 1839 927 negligentia
1866 855 1901 906 5

256 950 586 1026 plectimur,
614 958 738 1006 tum
764 948 1012 1007 maxime
1040 947 1102 1005 in
1133 947 1334 1005 amicis
1354 955 1414 1005 et
1440 945 1762 1022 deligendis
1780 952 1842 1003 et

258 1044 538 1105 colendis.
621 1043 993 1120 Praeposteris
1018 1045 1177 1102 enim
1203 1042 1417 1101 utimur
1443 1040 1739 1111 consiliis3
1782 1049 1842 1098 et

261 1150 393 1200 acta
462 1140 704 1218 agimuS,
752 1140 906 1217 quod
962 1150 1220 1199 vetamur
1273 1138 1452 1197 veteri
1516 1136 1836 1214 proverbio.
1928 1180 1937 1186 -

258 1236 321 1296 N
325 1255 418 1295 am
459 1236 738 1314 implicati
782 1237 932 1298 ultro
972 1247 1031 1295 et
1058 1237 1228 1309 citro,
1261 1235 1350 1293 vel
1394 1254 1503 1294 usu
1543 1234 1839 1306 diuturno,

257 1333 350 1392 ve}
386 1333 561 1392 etiam
602 1333 829 1407 officiis,
856 1343 1114 1410 repente,
1143 1333 1205 1391 in
1245 1332 1438 1393 medio
1478 1349 1674 1403 cursu,
1705 1329 1841 1390 ami-
1869 1342 1932 1393 10

258 1430 445 1504 citius,
474 1431 674 1490 exorta
703 1431 894 1507 aliqua
921 1430 1262 1503 offensione,
1290 1428 1687 1505 dirumpimus.

337 1621 576 1681 XXIII.
655 1621 799 1685 Quo
827 1622 1003 1679 etiam
1029 1621 1216 1698 magis
1235 1619 1613 1696 vituperanda
1637 1628 1726 1677 est
1755 1618 1840 1676 rei

260 1718 508 1778 maxime
534 1718 877 1778 necessarias
898 1726 1059 1775 tanta
1085 1715 1328 1774 incuria.
1410 1715 1542 1774 Una
1569 1724 1656 1773 est
1683 1714 1841 1771 enim

261 1814 519 1873 amicitia
545 1813 606 1871 in
633 1813 809 1871 rebus
847 1812 1134 1883 humanis,
1156 1812 1229 1870 de
1258 1811 1421 1887 cujus
1448 1811 1695 1868 utilitate
1723 1828 1842 1867 om-

260 1928 366 1968 nes
413 1926 531 1967 uno
593 1926 694 1966 ore
738 1906 1143 1966 consentiunt:
1202 1923 1527 1982 quanquam
1573 1925 1608 1963 a
1646 1904 1841 1962 multis
1872 1918 1934 1968 15

259 2005 387 2084 ipsa
428 2005 609 2064 virtus
655 2002 1064 2075 contemnitur,
1113 2012 1175 2060 et
1218 2002 1533 2061 venditatio
1579 2001 1841 2078 quaedam

259 2113 432 2180 atque
486 2101 797 2162 ostentatio
863 2119 992 2158 esse
1044 2099 1276 2157 dicitur.
1383 2097 1558 2157 Multi
1614 2097 1842 2156 divitias

255 2200 606 2278 despiciunt,
671 2218 830 2274 qum,
887 2215 1065 2274 parvo
1109 2206 1434 2269 contentos,
1482 2196 1674 2254 tenuis
1727 2195 1843 2253 vic·

255 2307 350 2355 tus
389 2295 696 2372 cultusque
748 2293 1037 2356 delectat:
1096 2294 1348 2352 honores
1386 2311 1542 2365 vero,
1596 2309 1842 2368 quorum

256 2392 573 2469 cupiditate
601 2390 835 2466 quidam
876 2389 1326 2461 inflammantur,
1356 2407 1528 2463 quam
1568 2386 1735 2445 multi
1762 2386 1844 2443 ita
1871 2398 1936 2450 20

257 2497 657 2560 contemnunt,
698 2496 762 2545 ut
807 2485 952 2550 nihil
995 2486 1246 2558 inaniuS,
1288 2484 1432 2542 nihil
1472 2484 1673 2555 leviuS‚
1715 2501 1843 2540 esse

257 2583 624 2642 existiment!
666 2584 920 2660 itemque
947 2593 1176 2653 caetera,
1206 2599 1332 2656 quae
1362 2579 1707 2655 quibusdam
1749 2578 1844 2637 ad-

258 2678 548 2738 mirabilia
586 2678 869 2753 videntur‚
896 2677 1166 2755 permulti
1205 2685 1359 2748 sunt,
1389 2674 1487 2751 qui
1526 2694 1632 2752 pro
1659 2674 1843 2733 nihilo

260 2784 483 2852 putent.
565 2774 658 2833 De
688 2776 944 2834 amicitia
979 2793 1181 2834 omnes
1219 2773 1291 2831 ad
1327 2791 1506 2830 unum
1536 2771 1690 2830 idem
1717 2789 1844 2830 sen-

260 2871 433 2944 tiunt,
461 2880 521 2930 et
548 2871 591 2929 ii
617 2871 716 2946 qui
745 2872 817 2931 ad
843 2871 1259 2949 rempublicam
1287 2887 1350 2927 se
1372 2868 1762 2941 contulerunt,
1784 2878 1843 2927 et
1870 2883 1936 2934 25

261 2968 306 3028 ii
333 2967 434 3045 qui
460 2986 655 3027 rerum
682 2967 1018 3046 cognitione
1048 2966 1432 3043 doctrinaque
1461 2965 1840 3039 delectantur,

262 3074 323 3126 et
348 3065 392 3126 ii
418 3064 519 3144 qui
545 3083 714 3128 suum
732 3065 1032 3144 negotium
1051 3073 1263 3145 gerunt
1283 3062 1490 3124 otiosi:
1531 3071 1843 3144 postremo„

695 3162 738 3221 9
