2192 3550
560 314 833 374 mistus,
861 315 1010 363 srvn
1045 314 1133 361 ns
1171 314 1486 363 Amcrru.
1817 300 1897 365 7³

244 470 447 536 potest,
491 462 711 520 idcirco
751 481 898 520 verae
941 461 1207 520 amicitiae
1255 462 1615 538 sempiternae
1656 469 1805 521 sunt.

243 557 452 616 Ortum
499 559 730 634 quidem
784 558 1053 616 amicitiae
1101 558 1325 630 videti&
1373 558 1483 616 nisi
1540 557 1680 633 quid
1735 557 1809 617 td

240 654 369 711 haec
411 656 559 713 forte
597 656 783 713 vultiS.

320 751 601 808 Fannius.
693 751 792 807 Tu
845 732 980 807 vero
1032 769 1228 827 perge,
1284 751 1471 808 Laeli:
1537 769 1643 826 pro
1696 750 1811 808 hoc

240 847 418 918 enim,
447 847 543 920 qui
573 846 760 905 minor
787 856 875 903 est
901 856 1060 917 natu,
1088 865 1220 903 meo
1241 847 1369 921 jure
1397 847 1731 921 respondeo.
1837 851 1871 901 5

321 943 592 1001 Scoevola.
675 942 865 999 Recte
906 952 969 998 tu
1010 942 1275 1017 quidem:
1318 943 1689 1017 quamobrem
1717 961 1815 1001 au-

242 1038 487 1096 diamus.

323 1230 399 1288 X.
482 1231 716 1289 Laelius.
800 1231 1018 1289 Audite
1072 1250 1233 1308 ergo,
1290 1230 1492 1306 optimi
1549 1229 1674 1300 viri,
1722 1248 1812 1301 ea,

243 1345 370 1401 quoe
399 1328 707 1403 saepissime
745 1327 892 1385 inter
930 1346 1021 1384 me
1057 1338 1118 1384 et
1156 1328 1486 1403 Scipionem
1518 1326 1590 1382 de
1620 1326 1816 1383 amici-

241 1424 325 1480 tia
370 1424 828 1481 disserebantur:
872 1444 1199 1499 quanquam
1247 1424 1343 1481 ille
1391 1423 1623 1498 quidem
1670 1422 1812 1480 nihil
1845 1431 1906 1480 10

243 1520 533 1579 difficilius
560 1540 685 1578 esse
713 1520 962 1590 dicebat,
992 1539 1164 1594 quam
1194 1520 1505 1577 amicitiam
1536 1538 1715 1593 usque
1741 1518 1846 1575 ad‘

242 1625 559 1673 extremum
606 1616 735 1673 vitae
789 1635 1140 1690 permanere.
1225 1615 1283 1671 N
1291 1634 1401 1686 am,
1450 1615 1537 1671 vel
1587 1625 1651 1671 ut
1697 1633 1816 1671 non

245 1709 396 1767 idem
438 1712 731 1785 expediret
771 1712 1018 1788 utrique,
1062 1711 1320 1769 incidere
1361 1729 1509 1786 saepe
1540 1730 1552 1780 ;
1623 1710 1712 1767 vel
1754 1719 1818 1766 ut

245 1805 318 1862 de
359 1806 655 1880 republica
695 1825 815 1863 nou
855 1806 1007 1862 idem
1046 1806 1357 1875 sentirent5
1402 1805 1609 1862 mutari
1643 1805 1815 1862 etiam

245 1919 435 1959 mores
495 1901 792 1958 hominum
844 1920 997 1975 saepe
1051 1901 1300 1972 dicebat,
1359 1901 1499 1958 alias
1567 1900 1817 1958 adversis
1848 1911 1909 1960 15

247 1998 438 2069 rebuS,
469 1997 609 2054 alias
650 2007 814 2054 aetate
856 1997 1306 2073 ingravescente.
1390 1997 1585 2072 Atque
1618 2015 1816 2056 earum

245 2112 436 2151 rerum
463 2094 787 2168 exemplum
817 2113 887 2151 ex
913 2093 1300 2166 similitudine¹
1327 2094 1591 2169 capiebat
1620 2094 1819 2151 ineun-

244 2191 319 2248 tis
359 2191 561 2260 aetatis,
605 2189 758 2265 quod
799 2190 1007 2248 summi
1048 2208 1357 2265 puerorum
1403 2208 1630 2252 amores,
1663 2208 1817 2265 saepe

246 2288 360 2346 unzi
389 2307 519 2345 cum
549 2287 822 2362 praetextfi
850 2296 1218 2362 ponerentur.

325 2385 427 2441 Sin
497 2394 685 2441 autem
756 2383 827 2440 ad
897 2383 1346 2442 adolescentiam
1397 2381 1815 2458 perduxissent,
1845 2392 1910 2443 2⁰

248 2479 437 2536 dirimi
477 2490 670 2537 tamen
712 2479 1000 2538 interdum
1042 2479 1436 2548 contentione,
1471 2478 1560 2535 vel
1603 2477 1817 2534 uxoriae

250 2574 617 2647 conditioniS‚
665 2576 751 2633 vel
802 2575 1094 2633 commodi
1151 2574 1413 2649 alicujus,
1463 2573 1616 2647 quod
1665 2572 1818 2632 idem

252 2670 490 2752 adipisci
518 2680 755 2746 uterque
796 2691 914 2729 non
953 2680 1163 2746 posset.
1244 2669 1428 2732 Quod
1469 2669 1517 2725 si
1558 2668 1656 2743 qui
1696 2668 1821 2726 lon-

249 2766 378 2843 gius
433 2766 493 2823 in
549 2767 802 2825 amicitia
855 2768 1114 2844 provecti
1162 2775 1372 2835 essent,
1422 2776 1612 2822 tamen
1670 2783 1818 2839 saepe
1917 2815 1921 2824 .

249 2862 600 2933 labefactari,
641 2863 689 2920 si
732 2863 792 2921 in
833 2864 1069 2921 honoris
1113 2862 1545 2920 contentionem
1588 2861 1820 2918 incidis-
1845 2875 1912 2925 z

249 2969 374 3020 sent
398 2979 410 3016 z
453 2969 671 3033 pestem
707 2960 861 3018 enim
890 2960 1165 3036 majorem
1194 2977 1319 3017 esse
1348 2958 1564 3018 nullam
1593 2959 1652 3018 in
1684 2958 1819 3016 amit·

248 3057 421 3128 citiis,
444 3073 616 3131 quam
645 3055 703 3112 in
732 3055 1019 3130 plerisque
1045 3055 1307 3131 pecuniae
1336 3054 1730 3130 cupiditatem,
1758 3053 1820 3116 in

679 3153 718 3209 7
