2192 3550
577 322 849 386 LAELms3
885 292 1032 374 srva
1068 324 1157 372 nu
1196 324 1507 373 merua.
1834 310 1916 370 77

257 470 436 530 etiam
475 483 606 549 post
651 484 912 544 mortem,
954 473 1140 531 secuti
1182 472 1352 531 amici
1394 481 1454 529 et
1496 469 1824 548 propinqui,

258 569 396 644 quid
444 569 501 627 in
541 569 603 627 P.
649 570 980 645 Scipionem
1023 569 1337 641 effecerint,
1382 568 1506 626 sine
1552 566 1820 642 lacrymis

256 682 378 721 non
404 684 553 740 queo
581 665 790 723 dicere.
872 664 1027 722 Nam
1044 664 1388 736 Carbonem,
1405 682 1630 739 quoquo
1646 663 1819 720 modo

256 761 569 835 potuimuS‚
597 770 826 835 propter
852 770 1143 817 recentem
1166 778 1396 835 poenam
1422 759 1520 816 Ti.
1543 758 1814 830 Gracchi,

255 857 670 913 sustinuimus:
729 856 801 912 de
841 855 910 912 C.
963 856 1217 912 Gracchi
1271 865 1459 912 autem
1500 855 1813 926 tribunatu,
1843 863 1878 914 5

258 953 396 1026 quid
424 961 767 1026 exspectem,
785 970 904 1008 non
921 950 1060 1008 libet
1079 950 1361 1027 augurari.
1443 950 1635 1024 Serpit
1657 951 1816 1007 enim

240 1047 470 1104 *deinde
513 1065 646 1103 res:
702 1066 826 1122 quae
868 1047 1178 1123 proclivius
1207 1047 1278 1103 ad
1319 1045 1652 1122 perniciem,
1682 1063 1817 1103 cum

255 1143 433 1199 semel
490 1143 679 1218 eoepit,
727 1143 950 1201 labitur.
1031 1143 1278 1214 Videtis,
1333 1143 1393 1199 in
1446 1142 1657 1199 tabella
1696 1141 1817 1217 jam

256 1247 393 1295 ante
419 1248 630 1314 quanta
655 1239 728 1297 sit
752 1239 909 1297 -facta
933 1240 1112 1311 labes,
1155 1239 1344 1315 primo
1371 1237 1622 1296 Gabinia
1665 1238 1813 1314 lege,

254 1335 492 1392 biennio
523 1346 709 1393 autem
733 1346 882 1411 post,
916 1336 1142 1393 Cassia.
1224 1335 1440 1392 Videre
1475 1334 1592 1410 jam
1618 1334 1813 1391 videor
1844 1342 1906 1392 10

254 1432 529 1508 populum
575 1452 609 1490 a
659 1442 861 1491 senatu
908 1431 1276 1508 disjunctum,
1325 1429 1816 1505 multitudinisque

259 1529 490 1586 arbitrio
517 1547 608 1585 res
635 1529 910 1585 maximas
947 1529 1056 1605 agi.
1140 1528 1339 1586 Plures
1379 1527 1532 1584 enim
1572 1526 1814 1597 discent,

250 1624 732 1697 quemadmodum
758 1625 885 1680 haec
924 1623 1081 1694 fiant,
1129 1642 1301 1697 quam
1339 1621 1817 1697 quemadmodum

255 1717 348 1775 his
373 1718 685 1776 resistatur.

332 1813 631 1874 Quorsum
670 1815 847 1871 haeci
886 1814 1022 1890 quia
1066 1814 1192 1871 sine
1228 1814 1402 1871 sociis
1441 1831 1614 1870 nemo
1658 1813 1820 1889 quid·
1844 1817 1907 1867 15

252 1924 426 1984 quam
453 1908 568 1965 tale
591 1919 851 1966 conatur.
933 1909 1390 1984 Praecipiendum
1412 1919 1499 1967 est
1526 1910 1698 1987 igitur
1720 1911 1818 1968 bo-
1883 1941 1890 1960 z

253 2006 366 2077 nis,
386 2015 468 2075 ut,
498 2004 547 2061 si
575 2004 634 2062 in
664 2004 945 2083 ejusmodi
969 2005 1252 2063 amicitias
1267 2006 1452 2083 ignari
1474 2005 1818 2082 casualiquo

252 2101 583 2172 inciderint,
629 2120 702 2158 ne
739 2102 1084 2173 existiment,
1136 2102 1216 2160 ita
1251 2121 1313 2159 se
1342 2102 1623 2179 alligatos,
1652 2112 1716 2161 ut
1745 2103 1816 2160 ab

250 2198 457 2256 amicis
478 2198 539 2255 in
561 2198 771 2274 magnii
802 2197 991 2273 aliqua
1019 2217 1080 2256 re
1100 2199 1477 2274 peccantibus
1493 2218 1609 2257 non
1636 2199 1819 2257 disce-

246 2294 406 2351 dant.
489 2293 775 2370 Improbis
804 2303 990 2352 autem
1017 2313 1190 2369 poena
1215 2295 1516 2353 statuenda
1539 2305 1661 2366 est3
1702 2313 1813 2353 nec
1842 2306 1906 2357 20

253 2408 388 2447 vero
414 2390 600 2447 minor
629 2390 700 2447 iis
721 2390 819 2464 qui
847 2390 1033 2447 secuti
1059 2401 1230 2448 erunt
1259 2391 1517 2462 alterum,
1543 2409 1715 2466 quam
1743 2390 1814 2448 iis

251 2485 352 2559 qui
389 2485 501 2559 ipsi
540 2485 753 2543 fuerint
795 2485 1104 2560 impietatis
1144 2486 1338 2543 duces.
1418 2486 1575 2547 Quis
1606 2486 1815 2543 clarior

254 2578 318 2637 in
363 2579 590 2637 Graecia
636 2581 1079 2640 Themistocle?
1138 2582 1267 2656 quis
1307 2581 1638 2657 potentior?
1695 2580 1814 2655 qui,

253 2692 392 2732 cum
419 2674 721 2750 imperator
749 2677 901 2734 bello
942 2676 1176 2738 Persico
1222 2676 1492 2734 servitute
1530 2676 1816 2734 Groeciam

257 2770 574 2842 liberasset,
612 2782 951 2848 propterque
992 2772 1265 2830 invidiam
1304 2772 1365 2829 in
1403 2771 1667 2830 exsilium
1693 2772 1816 2848 pul-
1843 2778 1908 2829 25

258 2886 355 2924 sus
382 2876 551 2938 esset,
579 2866 814 2944 ingratae
839 2869 1038 2944 patriae
1057 2868 1323 2946 injuriam
1341 2886 1458 2926 non
1478 2868 1629 2939 tulit,
1645 2885 1817 2943 quam

257 2964 407 3021 ferre
434 2963 648 3021 debuit.
731 2963 899 3023 Fecit
926 2965 1100 3037 idem,
1147 2965 1301 3041 quod
1329 2964 1464 3024 ‘XX
1494 2964 1656 3021 annis
1685 2974 1816 3022 ante

259 3059 408 3136 apud
433 3077 543 3118 nos
568 3059 784 3118 fecerat
809 3061 1169 3121 Coriolanus.
1234 3060 1346 3119 His
1368 3060 1590 3138 adjutor
1616 3070 1818 3121 contra

641 3158 680 3216 ⁷
708 3155 742 3191 *
830 3193 847 3206 .
