2192 3550
271 283 386 346 104
668 293 941 353 memus
979 290 1129 340 sm:
1168 291 1256 340 nn
1282 288 1614 339 mmmm.

354 440 616 502 Callidus
660 441 758 500 ille
789 452 848 499 et
874 441 1141 499 occultus
1167 459 1243 498 ne
1286 458 1348 497 se
1377 439 1649 510 insinuet,
1680 435 1941 495 studiose

355 540 675 599 cavendum
723 549 847 596 est:
891 557 1004 596 nec
1050 538 1208 595 enim
1259 537 1534 594 facillime
1582 536 1937 613 agnoscitur,

353 637 561 712 quippe
590 636 688 711 qui
716 637 890 694 etiam
920 635 1275 692 adversando
1295 630 1446 709 saepe
1477 642 1826 702 assentetur3
1856 640 1937 703 et,

352 732 581 810 litigare
607 752 671 790 se
710 732 1007 804 simulans,
1039 731 1386 802 blandiatur,
1419 739 1588 805 atque
1638 729 1707 786 ad
1756 739 1941 787 extre-

291 836 328 885 5
355 848 512 886 mum
540 829 640 888 det
681 849 903 901 manus,
933 827 1204 903 vincique
1233 846 1295 885 se
1321 827 1604 904 patiatur;
1647 835 1712 883 ut
1739 827 1806 898 is,
1837 825 1939 900 qui

355 925 556 984 illusus
602 927 695 999 sit,
739 926 867 1003 plus
913 926 1126 983 vidisse
1168 925 1446 982 videatur.
1527 923 1695 985 Quid
1744 912 1940 980 autem

355 1023 598 1100 turpius,
636 1043 806 1098 quam
848 1023 1055 1083 illudi?
1133 1021 1318 1083 Quod
1358 1039 1433 1077 ne
1476 1020 1723 1092 accidat,
1752 1018 1940 1095 magis

356 1120 679 1178 cavendum
705 1130 811 1192 est,
837 1129 901 1178 ut
929 1120 989 1177 in
1032 1125 1069 1151 “
1094 1117 1402 1193 Epiclero:
1428 1119 1462 1145 ’⁹

477 1287 510 1315 ‘⁴
535 1284 697 1333 Hodie
720 1299 819 1345 me,
842 1289 956 1331 ante
979 1298 1154 1331 omnes
1175 1260 1392 1330 comicos
1414 1281 1593 1330 stultos
1614 1297 1779 1344 senes,

264 1354 327 1405 10
535 1363 761 1412 Versaris
782 1370 927 1426 atque
951 1363 1129 1411 luseris
1151 1362 1478 1410 lautissime.”

355 1499 505 1558 Haec
545 1499 699 1557 enim
742 1498 916 1556 etiam
966 1497 1026 1554 in
1056 1497 1267 1556 fabulis
1310 1496 1648 1555 stultissima
1687 1516 1944 1573 persona

354 1606 443 1655 est
488 1596 930 1672 improvidorum
978 1604 1038 1653 et
1083 1594 1449 1652 credulorum
1493 1612 1713 1652 senum.
1797 1595 1937 1667 Sed,

354 1694 555 1752 nescio
583 1711 698 1769 quo
723 1703 915 1769 pacto,
942 1693 1013 1750 ab
1043 1691 1314 1750 amicitiis
1339 1691 1730 1767 perfectorum
1757 1692 1941 1749 homi-

355 1810 516 1865 num,
546 1792 606 1850 id
642 1801 753 1864 est,
786 1791 1152 1867 sapientium,
1184 1788 1285 1867 (de
1321 1790 1431 1848 hac
1476 1790 1608 1849 dico
1655 1790 1939 1866 sapientia

265 1906 328 1955 15
357 1908 485 1963 quae
511 1889 735 1946 videtur
764 1887 824 1945 in
853 1888 1148 1946 hominem
1196 1887 1407 1950 cadere
1440 1889 1636 1967 posse)
1671 1887 1740 1944 ad
1784 1886 1941 1943 leves

357 1984 639 2042 amicitias
676 1983 908 2042 deflexit
947 1984 1149 2042 oratio.
1245 1983 1666 2056 Quamobrem,
1724 1983 1796 2041 ad
1840 1982 1942 2040 illa

353 2080 539 2154 prima
583 2080 902 2151 redeamus,
947 2099 1130 2155 eaque
1186 2082 1309 2156 ipsa
1370 2080 1786 2137 concludamus
1841 2079 1941 2137 ali-

353 2174 601 2250 quando,

432 2366 693 2426 XXVII.
776 2366 995 2441 VirtuS,
1042 2368 1239 2441 virtus,
1296 2368 1548 2443 inquam,
1605 2366 1673 2426 C.
1724 2367 1937 2441 Fanni,

261 2477 327 2529 20
354 2474 413 2536 et
453 2476 536 2538 tu,
569 2465 651 2527 Q.
698 2463 882 2537 Muci,
926 2475 985 2522 et
1027 2465 1303 2522 conciliat
1353 2464 1654 2536 amicitias,
1700 2474 1759 2522 et
1801 2483 1940 2522 con-

354 2553 554 2621 servat.
635 2561 706 2620 In
753 2563 824 2620 ea
864 2572 951 2621 est
986 2562 1143 2620 enim
1193 2561 1598 2619 convenientia
1636 2581 1846 2634 rerum,
1877 2562 1938 2619 in

354 2659 426 2717 est
454 2659 755 2731 stabilitaS,
802 2659 862 2717 in
906 2658 977 2717 ea
1032 2658 1376 2733 constantia.
1472 2657 1627 2719 Quae
1685 2675 1819 2716 cum
1873 2676 1936 2715 se

355 2755 577 2827 extulit,
602 2767 659 2813 et
687 2753 940 2813 ostendit
967 2755 1162 2816 lumen
1193 2774 1380 2827 suum,
1409 2764 1469 2813 et
1496 2755 1649 2812 idem
1680 2754 1938 2831 adspexit

356 2853 697 2929 agnovitque
724 2852 784 2909 in
814 2852 948 2925 alio,
979 2852 1050 2910 ad
1078 2853 1138 2910 id
1166 2871 1228 2910 se
1259 2852 1540 2925 admovet,
1571 2852 1935 2927 vicissimque

256 2948 328 3000 ,25
356 2947 569 3022 accipit
595 2947 773 3022 illud,
808 2949 962 3024 quod
1004 2949 1064 3007 in
1101 2949 1279 3008 altero
1320 2959 1445 3008 est:
1489 2967 1562 3007 ex
1588 2966 1705 3025 quo
1735 2965 1934 3007 eorum

350 3042 677 3103 exardescit
717 3045 838 3104 sive
878 3063 1058 3121 amor,
1107 3045 1229 3106 sive
1277 3046 1569 3107 amicitia:
1629 3056 1935 3120 utrumque
