2192 3550
305 291 386 353 40
859 301 1037 347 οΑΤο
1076 299 1307 359 Maron,
1345 298 1474 347 suu

402 465 438 509 a
487 447 661 507 sociis
703 446 1019 517 attulisset3
1063 459 1125 505 et
1165 448 1389 507 caeteris
1429 447 1489 505 in
1529 448 1703 505 rebus
1742 466 1968 508 comem

399 561 538 620 erga
570 543 933 617 Lysandrum
971 553 1143 618 atque
1198 545 1510 601 humanum
1565 543 1762 615 fuisse,
1807 555 1866 601 et
1912 545 1967 601 ei

397 638 701 714 quemdam
756 649 1095 713 conseptum
1160 657 1378 715 agrum,
1421 639 1726 715 diligenter
1781 641 1969 698 consi-

394 744 538 805 tum,
593 734 932 793 ostendisse.
1015 735 1168 792 Cum
1211 744 1401 792 autem
1444 736 1817 793 admiraretur
1859 737 1969 812 Ly-

330 839 364 889 5
396 831 603 889 sandei·
663 841 721 890 et
758 832 1135 907 proceritates
1184 832 1472 903 arborum,
1503 841 1560 889 et
1609 832 1861 890 directos
1904 833 1965 890 in

395 926 783 1004 quincuncem
812 929 1060 998 ordines,
1090 937 1148 984 et
1174 926 1413 984 humum
1455 929 1752 986 subactam
1796 938 1966 1004 atque

392 1044 618 1102 puram,
660 1035 718 1083 et
759 1025 1094 1083 suavitatem
1136 1023 1380 1081 odorum
1422 1025 1521 1099 qui
1543 1025 1890 1083 ·afflarentur
1930 1043 1965 1082 e

394 1121 662 1191 floribus;
705 1131 827 1178 tum
868 1120 1098 1190 dixisse,
1127 1119 1323 1176 mirari
1364 1139 1426 1176 se
1467 1138 1584 1178 non
1626 1121 1800 1178 modo
1840 1120 1966 1177 dili-

392 1217 666 1292 gentiam,
697 1216 799 1273 sed
826 1216 1000 1273 etiam
1049 1215 1342 1273 solertiam
1383 1215 1526 1292 ejus,
1559 1236 1592 1274 a
1622 1235 1736 1291 quo
1774 1226 1967 1274 essent

296 1318 361 1370 10
392 1311 493 1371 illa
529 1313 792 1370 dimensa
834 1321 1004 1386 atque
1044 1311 1361 1387 descripta3
1425 1321 1483 1369 et
1525 1312 1581 1370 ei
1624 1313 1838 1387 Cyrum
1880 1331 1966 1369 re-

390 1408 722 1484 spondisse:
767 1413 805 1440 “
828 1407 1010 1482 Atqui
1051 1426 1161 1484 ego
1198 1409 1395 1465 omnia
1433 1408 1543 1465 ista
1581 1426 1708 1464 sum
1749 1406 1966 1465 dimen-

391 1523 521 1563 sus:
579 1504 694 1562 mei
732 1514 867 1563 sunt
909 1504 1163 1576 ordines,
1207 1523 1339 1562 mea
1377 1504 1727 1579 descripti03
1771 1504 1964 1562 multas

390 1600 564 1659 etiam
618 1601 855 1658 istarum
898 1601 1166 1658 arborum
1207 1601 1339 1657 mea
1377 1619 1554 1658 manu
1595 1609 1728 1658 sunt
1767 1601 1960 1657 satoe.'’

392 1694 552 1754 Tum
592 1694 975 1771 Lysandrum,
1004 1695 1325 1754 intuentem
1365 1695 1491 1771 ejus
1532 1713 1862 1770 purpuram,
1905 1704 1965 1751 et

297 1800 360 1851 15
390 1792 637 1851 nitorem
682 1793 960 1869 corporis,
1005 1803 1386 1869 ornatumque
1433 1793 1733 1851 Persicum
1781 1792 1963 1851 multo

392 1906 531 1947 auro
578 1889 887 1964 multisque
934 1890 1197 1967 gemmiS‚
1242 1890 1491 1947 dixisse:
1535 1889 1781 1947 “Recte
1826 1906 1964 1946 vero

388 1996 466 2056 te,
497 1983 669 2060 Cyre,
700 1965 930 2042 beatum
960 1986 1169 2057 serunt,
1199 1985 1472 2060 quoniam
1499 1985 1696 2042 virtuti
1716 1994 1829 2041 tuae
1852 1984 1963 2040 sor-

388 2089 532 2139 tuna
558 2080 869 2157 conjuncta
895 2083 1037 2138 est.’'

466 2176 599 2234 Hac
628 2177 801 2254 igitur
831 2175 1059 2234 fortuna
1088 2177 1201 2234 frui
1226 2176 1365 2234 licet
1393 2175 1658 2233 senibus:
1688 2193 1801 2232 nec
1824 2184 1961 2233 aetas

292 2287 355 2338 20
388 2272 645 2348 impedit,
689 2273 995 2348 quominus
1037 2284 1095 2329 et
1138 2282 1475 2331 caeterarum
1515 2289 1727 2343 rerum,
1758 2280 1815 2328 et
1856 2272 1960 2328 im-

386 2369 588 2445 primis
634 2370 756 2447 agri
802 2369 1053 2440 colendi,
1096 2369 1288 2426 studia
1327 2379 1626 2426 teneamus
1666 2387 1847 2442 usque
1890 2368 1960 2425 ad

385 2466 651 2524 ultimum
679 2476 904 2541 tempus
933 2466 1264 2523 senectutis.
1350 2464 1432 2522 M.
1477 2465 1710 2539 quidem
1738 2464 1960 2522 Valeri·

385 2581 481 2620 um
524 2562 776 2620 Corvum
819 2562 1148 2638 accepimus
1190 2562 1260 2618 ad
1302 2562 1682 2638 centesimum
1745 2580 1959 2618 annum

383 2659 739 2734 perduxisse,
786 2678 918 2715 cum
964 2669 1116 2716 esset
1162 2658 1290 2715 acta
1331 2658 1451 2733 jam
1496 2668 1661 2716 aetate
1693 2658 1752 2715 in
1784 2658 1955 2734 agri-⁴3,

289 2759 353 2809 25
385 2773 595 2831 eosque
637 2755 883 2813 coleret:
943 2755 1107 2831 cujus
1151 2754 1300 2812 inter
1346 2754 1591 2828 primum
1638 2764 1695 2811 et
1736 2764 1956 2811 sextum

384 2852 766 2924 consulatum,
796 2870 897 2908 sex
916 2861 974 2908 et
1002 2851 1380 2927 quadraginta
1408 2850 1541 2907 anni
1558 2850 1952 2907 interfuerunt.

383 2946 588 3022 Itaque
616 2959 893 3024 quantum
915 2948 1161 3024 spatium
1190 2947 1375 3005 aetatis
1402 2947 1647 3024 majores
1673 2942 1851 3003 nostri
1882 2941 1954 3000 ad

384 3045 705 3104 senectutis
724 3045 949 3104 initium
979 3064 1107 3103 esse
1135 3045 1453 3118 voluerunt,
1482 3053 1674 3103 tantus
1713 3039 1798 3100 ini
1826 3057 1956 3097 cur-
