2192 3550
276 305 358 364 94
684 317 960 377 LAELIUS,
993 319 1144 367 slve
1181 319 1271 373 nr:
1308 318 1632 369 ΑΜΙΟῙΤῙΑ.

369 482 489 524 non
507 465 693 525 solum
716 468 983 528 amicitiae
1001 470 1295 548 depositae,
1318 470 1420 529 sed
1438 468 1757 531 inimicitiae
1777 472 1961 529 etiam

369 574 671 640 susceptae‚
726 563 1046 625 videantur.
1149 566 1315 625 Nihil
1365 568 1520 626 enim
1573 577 1661 625 est
1707 567 1956 644 turpius,

367 678 539 735 quam
568 679 706 720 cum
730 680 802 719 eo
830 663 1045 721 bellum
1078 680 1302 742 gerere,
1330 663 1566 742 quicum
1595 660 1958 723 familiariter

366 756 590 817 vixeris,
674 760 785 818 Ab·
816 760 1073 818 amicitia
1100 760 1180 822 Q.
1210 761 1495 838 Pompeii,
1523 779 1655 819 meo
1694 760 1955 835 nomine,

303 871 337 920 5
367 873 431 912 se
470 868 789 915 removerat
834 855 926 937 (ut
970 858 1161 938 scitis)
1194 858 1433 935 Scipio:
1475 869 1708 936 propter
1735 858 1960 916 dissen-

367 951 591 1011 sionem
639 965 851 1028 autem,
889 975 1013 1031 quae
1050 965 1175 1013 erat
1218 954 1278 1012 in
1320 955 1640 1031 republica,
1672 954 1959 1013 alienatus

366 1061 456 1109 est
474 1070 508 1109 a
534 1052 760 1130 collega
786 1062 981 1111 nostro
1000 1051 1257 1109 Metelle.
1341 1051 1662 1126 Utrumque
1689 1051 1809 1130 egit
1824 1068 1959 1129 gra·

364 1148 528 1221 viter,
554 1149 915 1221 auctoritate,
934 1158 993 1205 et
1018 1148 1339 1205 offensione
1369 1148 1547 1205 animi
1573 1167 1692 1206 non
1719 1147 1952 1208 acerba.

439 1243 861 1315 Quamobrem,
885 1243 1139 1320 primum
1180 1243 1372 1300 danda
1411 1262 1587 1319 opera
1626 1254 1733 1317 est,
1762 1262 1960 1321 nequa

271 1359 333 1409 10
366 1340 683 1398 amicorum
704 1340 943 1398 dissidia
963 1340 1104 1397 fiant
1124 1359 1136 1398 :
1180 1340 1269 1397 sin
1291 1340 1406 1397 tale
1437 1339 1650 1415 aliquid
1672 1341 1954 1415 evenerit,

361 1446 426 1495 ut
452 1436 751 1494 exstinctae
777 1436 969 1512 potius
991 1435 1281 1509 amicitiae‚
1300 1455 1473 1513 quam
1495 1454 1801 1513 oppressae,
1820 1454 1959 1496 esse

359 1532 677 1592 videantur.
776 1532 1116 1591 Cavendum
1175 1552 1315 1591 vero
1365 1544 1472 1607 est,
1527 1552 1604 1591 ne
1656 1533 1831 1592 etiam
1888 1534 1952 1594 in

359 1650 563 1710 graves
589 1629 926 1690 inimicitias
954 1641 1294 1690 convertant
1326 1651 1389 1689 se
1420 1629 1686 1690 amicitiae
1711 1651 1727 1690 ι
1768 1650 1802 1689 e
1827 1631 1954 1709 qui-

361 1729 468 1788 bus
515 1728 727 1809 jurgia,
783 1728 1113 1802 maledicta,
1169 1729 1555 1803 contumeliae,
1599 1728 1947 1808 gignantur:

267 1834 331 1888 15
357 1846 483 1904 quae
511 1838 726 1900 tamen,
755 1826 805 1885 si
832 1826 1163 1885 tolerabiles
1191 1836 1380 1900 erunt,
1403 1827 1654 1885 ferendae
1683 1837 1848 1885 sunt:
1890 1835 1955 1885 et

359 1924 457 1983 hic
484 1924 670 1983 honos
697 1924 878 1981 veteri
921 1924 1187 1981 amicitiae
1215 1924 1558 1994 tribuendus
1584 1932 1690 1996 est,
1719 1923 1860 1981 ut'is
1886 1922 1951 1981 in

361 2020 533 2096 culpa
582 2021 657 2078 sit
684 2020 783 2096 qui
828 2020 1023 2098 faciat,
1052 2039 1172 2078 non
1201 2021 1300 2096 qui
1338 2022 1610 2097 patiatur,
1658 2019 1946 2097 injuriam.

358 2115 618 2173 Omnino
660 2116 919 2175 omnium
960 2115 1168 2175 horum
1216 2118 1491 2175 vitiorum
1534 2126 1704 2191 atque
1731 2115 1956 2173 incom-

360 2201 664 2269 modorum
709 2231 828 2270 una
853 2212 1052 2271 cautio
1079 2223 1191 2287 est,
1221 2224 1389 2289 atque
1430 2231 1547 2271 una
1583 2210 1856 2288 provisio,
1886 2222 1957 2272 ut

266 2326 332 2378 20
360 2327 436 2368 ne
491 2308 667 2367 nimis
720 2308 840 2367 cito
886 2309 1132 2388 diligere
1195 2310 1560 2392 incipiamus,
1614 2325 1761 2365 neve
1826 2326 1951 2368 non

362 2406 592 2485 dignos,

441 2504 624 2583 Digni
647 2514 838 2562 autem
851 2537 854 2540 ·
867 2514 1002 2563 sunt
1024 2503 1298 2575 amicitia,
1322 2501 1528 2577 quibus
1549 2500 1610 2559 in
1639 2500 1779 2578 ipsis
1799 2501 1952 2561 inest

364 2621 559 2675 causa,
590 2610 692 2659 cur
721 2601 1053 2680 diligantur.
1135 2600 1360 2657 Rarum
1388 2617 1572 2675 genus
1603 2597 1689 2678 (et
1717 2600 1951 2676 quidem

364 2699 561 2757 omnia
600 2697 880 2775 praeclara
912 2698 1108 2777 rara);
1150 2714 1263 2753 nec
1299 2694 1615 2771 quidquam·
1637 2695 1949 2769 difficilius,

268 2804 337 2855 25
364 2814 535 2873 quam
577 2794 847 2871 reperire,
896 2793 1051 2869 quod
1098 2792 1174 2850 sit
1221 2791 1380 2849 omni
1428 2811 1501 2849 ex
1537 2801 1701 2870 parte
1741 2793 1803 2851 in
1843 2811 1951 2851 suo

344 2909 579 2969 genere
613 2891 951 2966 perfectum.
1035 2889 1153 2946 Sed
1185 2889 1446 2965 plerique
1473 2909 1662 2965 neque
1690 2890 1751 2948 in
1777 2890 1952 2949 rebus

365 2986 631 3045 humanis
652 2986 962 3062 quidquam
980 2986 1196 3044 bonum
1224 2984 1459 3062 norunt,
1481 2987 1594 3044 nisi
1620 2987 1773 3063 quod
1801 2985 1950 3043 stuc-

365 3091 595 3141 tuosum
650 3082 724 3140 sit
739 3102 756 3153 ς
810 3069 873 3140 =et
931 3080 1170 3156 amicos,
1215 3093 1491 3163 tanquam
1534 3082 1807 3162 pecudes,
1846 3096 1952 3142 eos
