2192 3550
596 302 871 364 memte,
908 303 1059 352 srva
1097 303 1186 351 nr:
1224 301 1540 352 amoma.
1859 293 1940 355 89

265 449 384 509 -Est
432 450 587 510 enim
633 452 771 510 boni
817 453 925 510 viri
974 451 1178 529 (quem
1231 453 1483 512 eundem
1529 450 1847 529 sapientem

259 546 412 605 iicet
453 548 675 629 dicere)
721 549 846 607 haec
889 549 1003 607 duo
1049 559 1248 606 tenere
1291 550 1353 607 in
1397 549 1691 607 amicitia:
1732 549 1847 624 pri-

265 662 450 717 mum,
479 645 690 720 nequid
719 632 915 702 fictum
944 645 1039 718 sit,
1067 663 1213 702 neve
1253 646 1580 704 simulatum
1623 644 1846 723 (aperte

271 740 425 798 enim
466 741 554 798 vel
596 741 806 812 odisse,
836 740 1018 818 magis
1046 740 1284 817 ingenui
1323 751 1430 813 est,
1458 760 1626 817 quam
1660 742 1846 799 fronte

264 837 565 897 occultare
593 836 998 916 sententiam);
1042 836 1271 908 deinde,
1294 854 1413 894 non
1440 837 1626 894 solum
1657 837 1727 895 ab
1750 837 1848 897 ali·
1873 846 1906 896 5

262 951 385 1007 quo
416 932 614 989 allatas
656 932 1085 990 criminationes
1113 932 1407 1008 repellere,
1437 932 1538 989 sed
1559 951 1634 990 ne
1661 934 1846 1009 ipsum

263 1028 500 1103 quidem
542 1046 668 1085 esse
706 1029 1109 1104 suspiciosum,
1139 1047 1362 1104 semper
1405 1028 1637 1104 aliquid-
1659 1018 1850 1087 existi-

271 1133 523 1180 mantem
553 1124 624 1182 ab
653 1125 838 1183 amico
864 1143 990 1182 esse
1020 1124 1309 1184 violatum.
1378 1161 1386 1186 ;

347 1219 615 1278 Accedat
662 1220 776 1279 huc
817 1221 1066 1280 suavitas
1114 1222 1394 1297 quaedam,
1441 1232 1686 1298 oportet,
1733 1240 1849 1280 ser-

266 1334 500 1374 monum
549 1327 717 1392 atque
769 1302 1012 1390 morum,
1062 1318 1503 1394 haudquaquam
1555 1319 1846 1378 mediocre
1875 1337 1938 1385 10

264 1413 701 1475 condimentum
744 1415 1030 1472 amicitiae.
1112 1414 1382 1491 Tristitia
1435 1426 1646 1488 autem,
1687 1427 1746 1474 et
1785 1416 1847 1474 in

263 1510 425 1567 omni
472 1529 534 1567 re
582 1512 871 1583 severitas,
895 1511 1068 1569 habet
1096 1511 1195 1569 illa
1221 1512 1451 1585 quidem
1479 1515 1845 1589 gravitatem:

261 1606 369 1663 sed
398 1607 653 1663 amicitia
692 1608 980 1671 remissior
1018 1626 1147 1664 esse
1187 1607 1378 1678 debet,
1408 1618 1465 1664 et
1504 1608 1759 1680 liberior,
1789 1619 1847 1665 et

264 1700 528 1773 dulcior,
553 1711 610 1758 et
633 1701 703 1758 ad
744 1718 974 1758 omnem
1019 1702 1351 1765 comitatem
1395 1702 1846 1778 facilitatemque

266 1797 591 1871 proclivior.
1085 1820 1103 1843 ε
1697 1797 1700 1802 ’
1839 1851 1846 1860 ,
1876 1808 1945 1856 15·

347 1988 520 2047 XIX.
569 1988 809 2047 Exsistit
832 2000 1021 2048 autem
1038 1989 1305 2048 hocloco
1325 1991 1585 2066 quaedam
1604 1991 1844 2068 quaestio

264 2085 661 2144 subdifficilis:
704 2105 842 2145 num
870 2087 1103 2163 quando
1138 2087 1309 2145 amici
1338 2088 1493 2161 novi,
1518 2088 1679 2166 digni
1709 2088 1846 2146 ami-

265 2182 427 2255 citia,
456 2183 745 2240 veteribus
770 2183 885 2241 sint
915 2185 1321 2260 anteponendi,
1350 2195 1415 2246 ut
1453 2186 1616 2262 equis
1641 2173 1846 2245 vetulis

264 2289 496 2338 teneros
555 2290 903 2356 anteponere
950 2281 1242 2341 solemus?
1320 2281 1568 2361 Indigna
1613 2282 1845 2342 homine

266 2375 583 2435 dubitatio:
641 2394 757 2435 non
799 2377 955 2435 en'itn
1011 2378 1391 2438 amicitiarum
1438 2397 1564 2436 esse
1612 2378 1843 2453 debent,
1874 2391 1938 2442 20
2032 2439 2039 2444 ,

265 2471 418 2528 sicut
447 2471 684 2531 aliarum
712 2492 922 2545 rerum,
952 2474 1262 2532 satietates.
1344 2475 1671 2532 Veterrima
1697 2493 1872 2548 quae-⁴

267 2584 381 2641 que
424 2566 517 2644 (ut
574 2587 645 2627 ea
687 2570 840 2642 vina,
884 2590 1009 2645 quae
1057 2580 1396 2628 vetustatem
1454 2571 1670 2649 ferunt)
1720 2589 1846 2628 esse

267 2662 482 2720 debent
538 2666 903 2724 suavissima:
965 2684 1275 2741 verumque
1341 2665 1482 2723 illud
1536 2676 1642 2738 est,
1695 2666 1846 2755 qpod
1880 2695 1885 2700 ·

268 2757 508 2830 dicitur,
537 2761 747 2821 multos
783 2761 1006 2820 modios
1046 2762 1184 2820 salis
1219 2762 1388 2820 simul
1417 2762 1669 2821 edendos
1695 2781 1842 2836 esse,
1870 2821 1875 2826 ,

270 2864 336 2911 ut
365 2854 636 2912 amicitiae
676 2874 885 2916 munus
918 2858 1207 2934 expletum
1247 2858 1338 2917 sit.
1419 2857 1722 2918 Novitates
1751 2879 1845 2918 au·
1872 2870 1936 2921 25

268 2959 408 3021 tem,
437 2948 487 3006 si
520 2968 679 3025 spem
709 2952 1085 3026 afferunt,-ut,
1108 2964 1379 3029 tanquam
1407 2953 1468 3011 in
1506 2954 1699 3013 herbis
1724 2976 1843 3015 non

271 3044 592 3122 fallacibus,
614 3047 836 3177 fructu-s
864 3060 1152 3127 appareat,
1171 3069 1291 3110 non
1318 3060 1452 3110 sunt
1479 3050 1591 3111 111ae
1606 3053 1844 3130 quidem

736 3142 777 3201 8
