2192 3550
564 301 838 362 LAELms,
879 302 1029 350 slva
1070 302 1158 348 DE
1203 302 1517 350 Afflcrrm.
1808 289 1923 350 1⁰3

246 447 574 523 perniciosa
613 450 708 523 sit,
737 468 952 509 nocere
993 460 1188 507 tamen
1219 449 1437 508 nemini
1479 456 1688 525 potest,
1715 446 1830 507 nisi

248 543 304 600 ei
330 545 428 620 qui
455 564 583 604 eam
622 547 851 622 recipit,
883 555 1051 622 atque
1092 547 1165 604 ea
1201 546 1537 604 delectatur.
1619 544 1714 603 Ita
1740 544 1826 618 fit,

247 650 310 698 ut
347 641 396 698 is
438 643 888 701 assentatoribus
932 643 1244 717 patefaciat
1289 662 1455 701 aures
1497 662 1628 701 suas
1675 661 1831 702 max-

247 737 380 810 ime,
410 740 510 814 qui
558 740 682 815 ipse
727 739 841 796 sibi
878 749 1219 812 assentetur,
1247 749 1307 797 et
1340 759 1403 797 se
1429 740 1678 798 maxime
1692 740 1830 818 :ipse

246 834 514 894 delectet.
1854 839 1889 890 5

323 930 584 988 Omnino
612 942 700 989 est
723 951 921 989 amans
947 931 1037 990 sui
1067 933 1279 990 virtus:
1320 931 1536 1007 optime
1571 933 1725 990 enim
1763 949 1829 991 se

244 1026 370 1102 ipsa
395 1028 587 1098 novit3
630 1047 913 1104 quamque
936 1029 1200 1086 amabilis
1226 1029 1320 1100 sit,
1351 1028 1637 1105 intelligit.
1698 1027 1831 1106 Ego

246 1133 439 1178 autem
466 1141 584 1180 non
613 1123 685 1181 de
714 1114 923 1183 virtute
944 1144 1104 1182 nunc
1131 1125 1350 1200 loquor,
1374 1124 1476 1182 sed
1504 1124 1577 1183 de
1605 1124 1831 1183 virtutis

244 1218 548 1293 opinione:
592 1220 799 1278 virtute
839 1222 994 1279 enim
1037 1222 1163 1297 ipsa
1190 1241 1309 1279 non
1338 1232 1455 1279 tam
1497 1221 1662 1280 multi
1687 1239 1831 1297 prae·

243 1314 349 1372 diti
412 1333 557 1388 esse,
607 1334 776 1392 quam
839 1317 1039 1391 videri,
1087 1319 1300 1377 volunt.
1336 1304 1341 1307 ⁵
1401 1316 1527 1376 Hos
1579 1318 1830 1375 delectat
1857 1319 1919 1370 10

241 1413 585 1471 assentatio:
655 1414 745 1472 his
812 1415 982 1473 fictus
1039 1415 1112 1472 ad
1167 1416 1420 1492 ipsorum
1475 1414 1829 1472 voluntatem

237 1527 429 1567 sermo
476 1529 612 1568 cum
661 1511 985 1584 adhibetur,
1033 1513 1357 1570 orationem
1411 1511 1567 1568 illam
1621 1528 1830 1568 vanam

239 1606 629 1664 testimonium
658 1626 786 1664 esse
813 1607 1049 1665 laudum
1078 1627 1310 1665 suarum
1337 1616 1560 1682 putant.
1642 1605 1828 1664 Nulla

241 1710 328 1757 est
358 1701 532 1779 igitur
561 1703 689 1760 haec
733 1703 1008 1774 amicitia,
1040 1720 1176 1758 cum
1216 1702 1357 1759 alter
1398 1720 1597 1758 verum
1628 1700 1827 1757 audire

242 1816 361 1856 non
388 1797 527 1870 vult,
561 1799 701 1856 alter
731 1798 803 1855 ad
830 1798 1224 1856 mentiendum
1250 1807 1482 1873 paratus
1509 1807 1612 1855 est.
1692 1797 1825 1856 Nec
1854 1803 1916 1853 15

240 1894 624 1971 parasitorum
664 1894 725 1951 in
766 1894 1069 1952 comoediis
1100 1894 1409 1953 assentatio
1434 1893 1606 1952 nobis
1634 1894 1824 1953 faceta

241 1991 549 2063 videretur,
577 1990 691 2048 nisi
718 2000 912 2049 essent
931 1990 1154 2048 Milites
1180 1989 1453 2049 Gloriosi.

429 2140 462 2167 “
488 2137 705 2202 Magnas
727 2152 847 2188 vero
869 2152 1017 2203 agere
1039 2139 1226 2202 gratias
1247 2138 1407 2187 Thats
1427 2138 1552 2187 mihi
1570 2139 1635 2188 ?’'

240 2274 396 2332 Satis
422 2285 545 2333 erat
572 2274 941 2351 respondere,
986 2273 1292 2352 “Magnas
1313 2294 1325 2333 ε
1347 2276 1380 2302 ”
1426 2281 1463 2309 “
1484 2273 1819 2352 Ingentes,”

241 2370 442 2446 inquit.
544 2372 786 2448 Semper
830 2381 1004 2448 auget
1048 2381 1365 2429 assentator
1413 2372 1493 2444 id,
1542 2372 1697 2446 quod
1751 2371 1820 2443 is,
1848 2382 1913 2433 2⁰

242 2467 408 2542 cujus
437 2468 509 2525 ad
550 2468 900 2526 voluntatem
944 2467 1178 2539 dicitur,
1216 2468 1334 2525 vult
1372 2485 1500 2525 esse
1529 2485 1820 2543 magnum.

236 2561 660 2636 Quamobrem,
703 2563 963 2638 quamvis
1006 2563 1220 2621 blanda
1261 2563 1372 2621 ista
1413 2563 1633 2620 vanitas
1671 2562 1823 2638 apud

240 2677 345 2718 eos
386 2659 588 2731 valeat,
628 2661 727 2735 qui
769 2660 878 2735 ipsi
921 2660 1077 2718 illam
1135 2660 1407 2718 allectant
1445 2669 1504 2717 et
1543 2659 1823 2732 invitant3

240 2766 436 2814 tamen
483 2755 656 2813 etiam
696 2756 986 2833 graviores
1040 2756 1574 2832 constantioresque
1616 2756 1823 2816 ‚admo-

240 2852 419 2911 nendi
473 2862 626 2924 sunt,
675 2863 737 2911 ut
799 2854 1053 2912 animum
1112 2853 1427 2925 advertant,
1482 2855 1555 2909 ne
1610 2852 1821 2913 callida
1845 2856 1910 2908 25

242 2950 630 3010 assentatione
658 2950 977 3025 capiantur.
1062 2951 1284 3027 Aperte
1314 2950 1470 3009 enim
1491 2950 1822 3010 adulantem

241 3064 417 3110 nemo
441 3064 563 3108 non
607 3046 783 3122 videt,
808 3047 924 3108 nisi
969 3048 1071 3126 qui
1116 3048 1424 3112 admodum
1460 3057 1556 3108 est
1592 3063 1816 3112 σιοοει.
