2192 3550
792 303 880 351 nr:
909 304 1314 352 sannorum.
1854 292 1934 353 43

271 453 454 511 oetatis
491 454 800 530 peregisse,
842 473 975 526 nec,
1015 464 1290 529 tanquam
1330 453 1690 512 inexercitati
1731 451 1844 510 his-

272 549 505 621 triones,
536 550 594 607 in
623 560 877 608 extremo
908 560 1040 608 actu
1065 551 1368 609 corruisse.

349 646 431 704 At
458 655 591 704 sunt
620 647 852 718 morosi,
882 656 942 703 et
982 647 1157 719 anxii,
1187 658 1245 704 et
1287 647 1569 718 iracundi,
1599 656 1659 703 et
1697 644 1843 703 diffi-

271 740 414 797 ciles
440 760 638 811 senes3
683 742 732 799 si
759 741 1083 816 quaerimus,
1114 742 1287 799 etiam
1318 742 1487 800 avari.
1571 741 1689 799 Sed
1717 742 1843 800 haec

270 855 495 895 morum
522 835 660 894 vitia
686 846 838 908 sunt,
867 854 985 894 non
1007 837 1338 895 senectutis,
1422 837 1517 895 Ac
1538 838 1842 895 morositas
1871 843 1905 893 5

270 942 484 1005 tamen,
514 942 574 990 et
600 951 673 990 ea
697 933 836 990 vitia
862 952 988 1008 quae
1016 933 1156 1004 dixi,
1187 933 1401 990 habent
1430 933 1644 1008 aliquid
1671 953 1844 992 excu-

269 1028 528 1100 sationis,
558 1046 676 1084 non
705 1027 857 1085 illius
885 1028 1116 1103 quidem
1138 1028 1329 1104 justae,
1359 1027 1461 1085 sed
1488 1047 1614 1103 quae
1632 1029 1841 1103 proba-

270 1124 318 1180 ri
345 1142 514 1199 posse
541 1124 815 1181 videatur.
900 1124 1212 1183 Contemni
1247 1143 1309 1182 se
1347 1134 1571 1201 putant,
1601 1124 1840 1200 despici,

271 1218 451 1277 illudi.
534 1218 821 1277 Praeterea
848 1219 907 1277 in
936 1220 1126 1297 fragili
1155 1239 1395 1296 corpore
1424 1220 1628 1277 odiosa
1653 1220 1842 1277 omnis

269 1316 508 1374 offensio
534 1326 622 1373 est
645 1332 677 1373 ε·
701 1335 826 1392 quae
854 1327 1047 1376 tamen
1075 1318 1274 1375 omnia
1319 1317 1582 1375 dulciora
1610 1317 1756 1375 fiunt
1783 1326 1841 1374 et
1873 1322 1935 1372 10

268 1413 522 1471 moribus
564 1413 752 1485 bonis,
799 1423 859 1470 et
901 1413 1154 1471 artibus:
1198 1413 1393 1488 idque,
1435 1423 1558 1472 tum
1601 1414 1662 1471 in
1703 1414 1840 1486 vita,

219 1503 221 1505 ¹
268 1521 388 1566 tum
417 1509 476 1566 in
504 1510 701 1581 scena,
732 1509 975 1587 intelligi
1001 1519 1193 1585 potest
1220 1529 1293 1566 ex
1319 1509 1388 1566 iis
1418 1510 1707 1581 frati-ihm,
1738 1509 1837 1584 qui

267 1604 328 1664 in
357 1612 395 1639 “
415 1606 697 1682 Adelphis
713 1608 747 1634 ”
780 1616 930 1664 sunt.
1011 1605 1258 1668 Quanta
1284 1606 1347 1663 in
1390 1606 1569 1662 altero
1599 1605 1839 1676 duritaS,

269 1701 328 1759 in
353 1702 532 1759 altero
561 1702 841 1759 comitas!
925 1701 1028 1758 Sic
1057 1720 1120 1758 se
1161 1720 1254 1758 res
1294 1702 1486 1758 habet.
1567 1700 1645 1758 Ut
1686 1702 1842 1757 enim

266 1816 383 1855 non
411 1816 583 1854 omne
626 1797 844 1868 vinum,
874 1797 958 1854 sic
985 1815 1105 1853 non
1146 1797 1334 1853 omnis
1362 1806 1517 1868 aetas,
1560 1805 1841 1853 vetustate
1873 1804 1936 1853 15

268 1893 580 1950 coacescit.
663 1892 1041 1951 Severitatem
1070 1893 1130 1949 in
1172 1902 1470 1950 senectute
1509 1894 1709 1968 probo,
1740 1892 1842 1950 sed

269 2007 400 2047 eam
447 1988 628 2067 (sicut
683 1989 820 2068 alia)
879 1988 1205 2060 modicam3
1251 1989 1624 2047 acerbitatem
1680 1990 1842 2048 nullo

265 2086 458 2144 modo.
542 2086 805 2144 Avaritia
828 2104 967 2144 vero
994 2086 1194 2144 senilis
1221 2086 1359 2162 quid
1400 2086 1510 2144 sibi
1537 2086 1692 2160 velit,
1721 2106 1840 2144 non

266 2183 541 2261 intelligo.
624 2183 820 2242 Potest
847 2182 1003 2240 enim
1031 2184 1341 2259 quidquam
1370 2202 1495 2242 esse
1519 2185 1838 2256 absurdius,

264 2299 455 2358 qnam,
512 2298 627 2356 quo
680 2280 874 2338 minus
925 2280 1032 2338 viae
1085 2290 1283 2354 restat,
1337 2300 1410 2339 eo
1462 2282 1593 2358 plus
1645 2281 1840 2339 viatici
1870 2283 1936 2334 20

264 2395 518 2452 quaerere
534 2378 558 2433 'l

343 2564 513 2623 XIX.
593 2566 826 2629 Quarta
844 2576 1022 2624 restat
1050 2586 1246 2638 causa,
1285 2586 1412 2641 quae
1453 2568 1700 2624 maxime
1743 2586 1841 2624 an-

267 2678 407 2737 gere
437 2671 605 2735 atque
633 2663 940 2721 sollicitam
969 2664 1183 2721 habere
1223 2672 1475 2720 nostram
1507 2672 1733 2720 aetatem
1760 2662 1841 2721 vi·

265 2755 453 2828 detur,
502 2760 976 2835 appropinquatio
1017 2759 1257 2830 mortis3
1303 2778 1431 2835 quae
1468 2768 1626 2816 certe
1675 2777 1710 2816 a
1755 2777 1841 2817 se-

262 2862 499 2912 nectute
538 2872 654 2911 non
692 2865 884 2931 potest
921 2856 1097 2933 longe
1140 2857 1355 2913 abesse.
1456 2854 1514 2912 Ο
1567 2855 1837 2914 miserum
1868 2864 1933 2915 25

262 2968 480 3023 senem,
508 2949 627 3027 qui,
654 2961 898 3010 mortem
927 2952 1411 3012 contemnendam
1438 2969 1586 3024 esse,
1616 2951 1675 3009 in
1715 2962 1836 3010 tam

261 3046 436 3127 longa
475 3055 643 3107 aetate
685 3064 806 3108 non
846 3047 1093 3108 viderit!
1137 3067 1265 3126 quae
1314 3057 1412 3109 aut
1456 3049 1629 3128 plane
1655 3047 1838 3128 negli-
