2192 3550
317 317 430 373 wo
734 329 1011 388 LAELmS,
1043 328 1194 377 srva:
1231 328 1321 376 DE
1354 330 1670 381 morfia,

404 477 578 534 verbo
604 476 869 535 lubenter
894 476 1137 558 utimur)
1163 479 1404 537 comitas
1427 480 1609 537 adsit:
1653 479 1986 552 assentatio,

404 572 673 629 vitiorum
719 572 983 648 adjutrix,
1023 575 1232 649 ‘proeul
1282 585 1640 646 amoveatur3
1695 594 1823 651 quae
1863 593 1986 632 non

405 667 578 724 modo
622 667 830 740 amice,
873 669 975 725 sed
1022 689 1096 726 ne
1137 670 1322 728 libero
1362 671 1612 746 quidem,
1655 671 1832 748 digna
1876 681 1983 729 est.

406 761 593 819 Aliter
648 763 804 820 enim
859 783 995 822 cum
1041 774 1308 840 tyranno,
1367 767 1529 824 aliter
1585 786 1717 824 oum
1773 767 1984 840 amieo,

340 871 373 919 5
405 859 628 917 vivitur.
790 856 798 865 ’

483 954 666 1032 Cujus
694 968 884 1016 autem
930 977 1095 1019 aures
1138 959 1364 1017 veritati
1397 960 1607 1017 olausae
1635 969 1787 1031 sunt,
1816 968 1881 1015 ut
1910 959 1984 1017 ab
2046 968 2069 991 ⁸

406 1053 593 1111 amico
622 1073 817 1112 verum
860 1056 1059 1113 audire
1100 1066 1367 1130 nequeat,
1398 1056 1565 1131 h'ujus
1606 1055 1758 1113 salus
1785 1055 1986 1131 despe-

401 1151 583 1207 randa
621 1161 724 1210 est.
826 1153 1054 1210 Scitum
1108 1162 1195 1209 est
1235 1152 1390 1208 enim
1432 1152 1572 1208 illud
1614 1152 1875 1224 CatoniS‚
1917 1162 1984 1209 ut

402 1246 599 1318 multa,
644 1254 680 1280 “
701 1247 917 1307 Melius
944 1249 1016 1307 de
1051 1248 1393 1324 quibusdam
1433 1249 1672 1305 acerbos
1712 1249 1984 1306 inimicos

310 1352 371 1402 10
398 1344 626 1415 mereri,
653 1364 826 1421 quam
863 1364 964 1403 eos
1006 1344 1221 1402 amieos
1260 1343 1359 1418 qui
1401 1343 1603 1400 dulces
1636 1343 1980 1402 videantur:

399 1439 526 1497 illos
553 1460 752 1499 verum
780 1460 930 1517 saepe
971 1441 1187 1511 dicere,
1217 1439 1322 1496 hos
1353 1441 1700 1516 nunquam.''
1783 1441 1984 1516 Atque

398 1535 542 1595 illud
565 1538 893 1595 ’absurdum
936 1546 1041 1607 est,
1071 1536 1226 1610 quod
1263 1535 1324 1608 ii,
1353 1535 1451 1612 qui
1494 1546 1820 1608 monentur,
1850 1555 1982 1595 eam

398 1635 738 1706 molestiam,
781 1652 952 1709 quam
1005 1633 1220 1691 debent
1265 1652 1491 1709 capere,
1539 1652 1655 1692 non
1702 1634 1977 1709 capiunt3

398 1750 529 1791 eam
556 1730 809 1807 capiunt,
833 1729 946 1806 qua
969 1730 1182 1789 debent
1203 1749 1425 1789 vacare.
1505 1731 1792 1806 Pet-,casse
1821 1730 1978 1788 enim

277 1834 372 1902 ,15
398 1849 462 1888 se
530 1848 649 1887 non
705 1838 1023 1905 anguntur3
1092 1828 1384 1906 objurgari
1446 1829 1686 1887 moleste
1751 1829 1974 1886 ferunt:

399 1926 552 2002 quod
581 1917 785 1983 contra
826 1925 1147 2002 oportebat,
1187 1926 1402 1985 delicto
1445 1925 1657 1999 dolere,
1706 1924 1978 1984 eorrecti-

400 2040 512 2079 one
539 2023 809 2099 gaudere.

475 2211 672 2270 XXV.
755 2213 834 2270 Ut
863 2213 1037 2291 igitur
1101 2225 1160 2272 et
1207 2234 1443 2273 monere
1486 2224 1545 2272 et
1585 2214 1806 2271 moneri
1849 2234 1976 2290 pro-

397 2307 586 2383 prium
612 2319 701 2366 est
720 2327 866 2366 verae
891 2310 1159 2369 amicitiae
1182 2331 1196 2383 ;
1225 2323 1285 2370 et
1308 2313 1545 2370 alterum
1565 2310 1743 2366 libere
1762 2310 1972 2383 facere,

303 2415 368 2464 20
399 2422 517 2462 non
574 2423 804 2481 aspere;
870 2408 1112 2465 alterum
1163 2409 1445 2484 patienter
1512 2406 1795 2481 accipere,
1855 2425 1975 2465 non

399 2513 820 2579 &repugnantem
864 2503 951 2561 sio
989 2503 1319 2562 habendum
1357 2512 1465 2575 est,
1492 2502 1709 2560 nullam
1751 2503 1812 2559 in
1840 2504 1978 2561 ami-

400 2598 554 2656 citiis
598 2609 818 2675 pestem
859 2619 986 2657 esse
1030 2600 1324 2676 majorem,
1353 2616 1526 2673 quam
1567 2598 1972 2672 adulationem,

357 2770 361 2774 .
399 2695 753 2767 blanditiam,
785 2697 1261 2754 assentationem:
1305 2695 1563 2768 quamvis
1589 2697 1743 2753 enim
1781 2696 1977 2753 multis

398 2791 730 2848 nominibus
783 2802 869 2849 est
928 2793 1041 2849 hoo
1107 2791 1307 2848 vitium
1360 2791 1710 2863 notandum,
1764 2792 1976 2849 levium

304 2890 368 2939 25
401 2885 701 2945 hominum
732 2898 901 2963 atque
930 2888 1241 2959 fallacium,
1267 2888 1338 2944 ad
1366 2888 1717 2945 voluntatem
1743 2888 1976 2962 loquen-

398 2980 543 3039 tium
596 2983 810 3056 omnia,
858 2984 1003 3042 nihil
1059 2982 1133 3041 ad
1179 2983 1492 3044 veritatem.
1576 2984 1728 3042 Cum
1782 2992 1974 3041 autem

398 3078 657 3136 omnium
682 3098 877 3138 rerum
913 3079 1205 3141 simulatio
1244 3092 1333 3139 est
1359 3081 1582 3153 vitiosa,
1613 3079 1791 3158 (tollit
1815 3078 1974 3138 enim
