2192 3550
557 309 832 368 LAELIUS,
870 307 1018 354 SIVE
1062 307 1151 353 DE
1192 306 1504 353 AMICITIA.
1843 300 1924 359 57

254 477 294 518 a
320 457 598 535 patribus,
627 457 874 516 maxime
911 454 1341 515 memorabilem
1369 454 1437 513 C.
1467 453 1633 512 Laelii
1670 464 1729 513 et
1762 455 1826 517 P.

253 555 550 633 Scipionis
578 554 1022 612 familiaritatem
1050 552 1243 624 fuisse,
1268 552 1480 610 idonea
1498 552 1640 611 mihi
1662 552 1829 610 Laelii

249 670 501 731 persona
515 652 639 709 visa
650 661 756 722 est,
771 669 896 726 quae
914 650 986 706 de
1005 649 1259 707 amicitia
1276 668 1346 708 ea
1363 650 1488 725 ipsa
1503 649 1826 725 dissereret,
1847 664 1858 675 ⁸

250 768 380 825 quae
407 748 698 824 disputata
726 748 796 805 ab
825 764 896 804 eo
924 745 1281 813 meminisset
1313 746 1590 804 Scaevola.

331 845 533 909 Genus
557 854 745 902 autem
774 843 887 900 hoc
913 861 1261 915 sermonum,
1283 843 1533 918 positum
1561 843 1621 900 in
1649 843 1831 901 homi·
1859 862 1893 911 5

252 960 393 1001 num
433 950 690 998 veterum
739 939 1097 1011 auctoritate,
1150 949 1209 996 et
1255 957 1455 997 eorum
1502 939 1827 1012 illustrium,

251 1037 402 1115 plus,
431 1035 632 1095 nescio
662 1053 776 1111 quo
805 1045 996 1111 pacto,
1026 1035 1249 1093 videtur
1279 1035 1490 1092 habere
1517 1034 1826 1111 gravitatis,

253 1132 458 1208 Itaque
493 1132 635 1210 ipse,
663 1151 794 1190 mea
816 1132 1036 1210 legenS,
1067 1133 1154 1197 sic
1184 1131 1401 1190 afficior
1430 1132 1737 1203 interdum,
1767 1141 1836 1213 ut·

255 1228 560 1302 Catonem,
605 1248 721 1287 non
774 1248 887 1302 me,
933 1229 1093 1305 loqui
1146 1229 1484 1287 existimem.
1584 1228 1721 1301 Sed,
1766 1239 1828 1289 ut

252 1335 376 1387 tum
415 1326 486 1386 ad
524 1345 720 1384 senem
748 1345 926 1384 senex
965 1326 1037 1383 de
1077 1336 1395 1398 senectute,
1426 1326 1512 1384 sic
1539 1326 1654 1383 hoc
1679 1325 1829 1385 libro
1862 1335 1924 1384 10

255 1422 328 1481 ad
392 1422 642 1483 amicum
711 1423 1093 1483 amicissimus
1153 1424 1226 1480 de
1286 1422 1546 1481 amicitia
1604 1421 1826 1498 scripsi.

250 1518 412 1579 Tum
440 1528 526 1577 est
554 1519 704 1578 Cato
731 1520 980 1592 locutuS,
1004 1539 1116 1594 quo
1144 1529 1267 1576 erat
1292 1538 1465 1577 nemo
1493 1519 1612 1576 sere
1641 1518 1830 1581 senior

251 1615 608 1693 temporibus
635 1615 768 1687 illis,
797 1634 969 1673 nemo
994 1616 1330 1691 prudentior
1356 1634 1369 1671 :
1411 1633 1570 1672 nunc
1597 1615 1829 1685 Laelius,

252 1720 313 1768 et
359 1711 589 1786 sapiens
632 1708 747 1788 (sic
793 1710 949 1767 enim
997 1720 1086 1798 est
1132 1709 1413 1790 habitus),
1457 1719 1515 1766 et
1564 1708 1832 1767 amicitiae

252 1806 442 1886 gloria
480 1805 789 1877 excellenS,
832 1806 904 1862 de
948 1805 1205 1863 amicitia
1243 1805 1511 1891 loquitur.
1593 1805 1713 1877 Tu,
1742 1825 1834 1864 ve-
1865 1824 1926 1874 15

252 1901 378 1974 lim,
421 1901 675 1960 animum
717 1920 752 1959 a
786 1919 879 1959 me
917 1920 1223 1977 parumper
1266 1888 1526 1972 avertas}
1586 1901 1832 1960 Laelium

251 1998 412 2075 loqui
441 1997 628 2075 ipsum
654 2007 839 2072 putes.
920 1997 988 2055 C.
1019 1997 1279 2056 Fannius
1307 2008 1366 2055 et
1390 1998 1470 2061 Q.
1495 1998 1732 2060 Mucius
1761 1998 1832 2058 ad

251 2113 522 2154 socerum
561 2094 799 2151 veniunt
835 2105 966 2171 post
1005 2104 1247 2152 mortem
1290 2095 1589 2154 Africani:
1635 2097 1707 2155 ab
1743 2096 1834 2154 his

250 2210 443 2251 sermo
470 2189 685 2250 oritur:
728 2191 1035 2266 respondet
1070 2190 1284 2249 Laelius
1301 2212 1316 2263 ;
1360 2192 1525 2269 cujus
1564 2203 1688 2253 tota
1722 2193 1836 2251 dis-

248 2288 474 2367 putatio
515 2298 603 2346 est
642 2287 715 2347 de
757 2288 1034 2362 amicitia,
1061 2307 1233 2366 quam
1265 2288 1467 2367 legens
1506 2299 1570 2349 tu
1610 2300 1668 2349 te
1710 2289 1833 2367 ipse
1861 2304 1929 2356 20

253 2403 592 2465 cognosces.

333 2573 416 2634 II.
495 2575 779 2635 Fannius.
867 2578 1017 2635 Sunt
1070 2578 1200 2649 ista,
1256 2576 1444 2635 Laeli:
1513 2596 1626 2635 nec
1678 2576 1835 2636 enim

256 2670 459 2730 melior
494 2671 579 2730 vir
619 2672 727 2732 fuit
766 2674 1048 2732 Africano
1088 2674 1409 2750 quisquam,
1451 2693 1564 2731 nec
1604 2673 1833 2731 clarior.

258 2766 379 2827 Sed
406 2767 732 2828 existimare
761 2770 956 2843 debes,
986 2771 1243 2829 omnium
1272 2770 1472 2829 oculos
1508 2770 1567 2828 in
1609 2780 1667 2827 te
1707 2788 1836 2827 esse

260 2863 592 2943 conjectos:
642 2885 820 2925 unum
867 2878 925 2925 te
972 2868 1290 2944 sapientem
1336 2877 1395 2924 et
1444 2866 1731 2943 appellant
1778 2876 1837 2926 et
1867 2878 1932 2928 25

257 2962 604 3022 existimant.
686 2961 1081 3026 Tribuebatur
1117 2965 1230 3023 hoc
1262 2964 1435 3022 modo
1468 2963 1551 3024 M.
1584 2963 1836 3024 Catoni:

257 3058 495 3135 scimus,
528 3058 596 3120 L.
626 3058 873 3121 Atilium
915 3060 1066 3138 apud
1105 3071 1297 3138 patres
1335 3071 1565 3122 nostros
1592 3061 1839 3139 appella-
