2192 3550
679 696 754 745 M.
799 692 1044 745 TULLII
1087 691 1472 744 CICERONIS

425 891 789 972 LAELms,
856 886 1058 955 sivE
1124 890 1251 954 DE
1315 854 1735 952 ΑΜῙΟῙΤῙᾸ

884 1106 1285 1173 DIALOGUS,

1044 1248 1122 1284 An

607 1369 670 1419 T.
724 1368 1156 1420 POMPONIUM
1214 1366 1562 1418 ATTICUM.

376 1699 425 1758 Ι.
503 1699 792 1761 QUINTUS
835 1699 1080 1759 Mucius
1125 1717 1305 1777 augur
1333 1698 1514 1756 multa
1541 1713 1775 1754 narrare
1804 1694 1877 1751 de

297 1794 371 1853 C.
427 1796 626 1868 Laelio,
680 1814 882 1855 socero
937 1815 1062 1867 suo,
1118 1795 1447 1852 memoriter
1501 1803 1559 1852 et
1618 1791 1879 1869 jucunde

298 1891 542 1963 solebat,
589 1910 703 1950 nec
749 1892 1032 1965 dubitare,
1081 1891 1244 1950 illum
1293 1891 1353 1948 in
1406 1890 1566 1949 omni
1613 1907 1878 1948 sermone
1911 1961 1924 1970 ‚

302 1988 588 2065 appellare
632 1989 970 2065 sapientem.
1073 1988 1205 2066 Ego
1255 1998 1446 2047 autem
1501 2008 1536 2047 a
1584 1998 1747 2065 patre
1798 1987 1881 2045 ita
1909 2033 2100 2094 ..ΜΞΝ

1902 1975 1940 2014 ι’.
2001 1973 2056 2002 »ι’

300 2104 459 2144 eram
485 2086 768 2145 deductus
802 2086 874 2144 ad
912 2086 1253 2159 Scaevolam,
1282 2086 1875 2176 ⁸9fflffififfilfissssgss²
1906 2117 1940 2166 5
1966 2113 2008 2164 e,
2035 2129 2114 2162 μιν

298 2192 383 2256 ut,
412 2182 602 2259 quoad
639 2201 890 2260 possem,
919 2193 978 2241 et
1009 2183 1233 2255 liceret,
1273 2203 1308 2242 a
1345 2183 1501 2242 senis
1527 2184 1707 2242 latere
1734 2202 1880 2242 nun-

296 2299 469 2355 quam
491 2279 868 2339 discederem.
936 2279 1139 2356 Itaque
1160 2280 1341 2339 multa
1369 2280 1440 2339 ab
1468 2298 1540 2337 eo
1566 2280 1878 2356 prudenter

299 2374 605 2451 disputata,
629 2377 809 2434 multa
829 2376 1003 2434 etiam
1031 2377 1277 2435 breviter
1299 2387 1358 2434 et
1379 2376 1679 2435 commode
1701 2376 1877 2446 dicta,

302 2472 592 2530 memoriae
646 2472 990 2532 mandabam
1019 2492 1034 2542 3
1104 2473 1340 2548 fierique
1400 2471 1701 2530 studebam
1756 2471 1879 2546 ejus

299 2567 610 2641 prudentia
649 2568 891 2628 doctior.
972 2568 1116 2631 Quo
1156 2578 1403 2640 mortuo,
1432 2584 1526 2626 me
1556 2567 1627 2625 ad
1652 2567 1881 2643 pontifi·-
1909 2586 1972 2635 10

300 2680 431 2719 cem
458 2663 776 2722 Scaevolam
806 2665 1059 2735 contuli3
1103 2684 1272 2740 quem
1299 2683 1479 2723 unum
1506 2675 1716 2722 nostrae
1744 2663 1882 2721 civi-

296 2757 436 2816 tatis
464 2769 522 2817 et
549 2760 784 2837 ingenio
811 2772 870 2819 et
889 2762 1114 2838 justitia
1135 2761 1670 2838 praestantissimum
1695 2760 1880 2819 audeo
1937 2755 1982 2820 ,“

298 2854 512 2913 dicere.
596 2857 713 2914 Sed
741 2858 813 2914 de
842 2859 955 2918 hoc
993 2858 1173 2917 alias:
1215 2877 1373 2916 nunc
1399 2856 1576 2915 redeo
1605 2857 1677 2915 ad
1706 2876 1882 2935 augu-

296 2970 439 3010 rem.
522 2951 675 3010 Cum
717 2972 867 3029 saepe
910 2956 1111 3027 multa,
1155 2965 1277 3013 tum
1320 2954 1578 3027 memini,
1617 2955 1775 3014 domi
1819 2955 1879 3014 in

293 3046 648 3126 hemicyclio
693 3049 1011 3126 sedentem,
1059 3061 1125 3114 ut
1175 3051 1419 3126 solebat,
1468 3071 1603 3113 cum
1655 3063 1716 3116 et
1767 3070 1880 3133 ego
1909 3062 1971 3113 15
