2192 3550
587 338 861 401 ωιωε,
889 339 1037 389 snm
1075 341 1163 394 nr.
1192 340 1503 389 amer-mx.
1830 326 1910 387 75

262 485 483 545 Laenati
516 486 595 545 et'
610 487 854 565 Rupilio
882 489 1216 547 consulibus
1242 489 1303 548 in
1329 489 1593 561 consilio,
1621 487 1817 563 depre-

261 594 453 640 catum
477 585 740 655 venisset,
762 586 932 655 hanc,
955 595 1018 642 ut
1045 586 1156 641 sibi
1184 585 1560 662 ignoscerem,
1582 602 1816 642 causam

261 679 551 752 afferebat,
580 681 734 754 quod
772 681 916 737 tanti
956 680 1053 738 Ti.
1085 681 1417 739 Gracchum
1455 682 1702 752 fecisset,
1732 689 1814 752 ut,

258 774 539 850 quidquid
604 776 700 832 ille
764 776 952 846 vellet,
1019 776 1131 834 sibi
1197 776 1523 835 faciendum
1572 785 1812 852 putaret.

258 869 419 927 Tum
453 889 583 947 ege,
626 878 662 904 “
687 870 972 942 Etiamne,
1010 872 1058 929 si
1094 882 1154 929 te
1191 872 1251 929 in
1288 872 1635 947 Capitolium
1662 872 1815 930 faces
1845 880 1878 929 5
1910 866 1915 871 ’

259 966 408 1023 ferre
434 967 688 1024 vellet2’'
773 967 1199 1042 “Nunquam‚'’
1240 968 1443 1043 inquit,
1487 973 1524 1000 “
1546 968 1818 1026 voluisset

258 1061 319 1118 id
365 1062 652 1135 quidem.”
735 1068 773 1095 “
797 1063 934 1135 Sed,
981 1064 1031 1120 si
1076 1064 1432 1121 voluisset'W
1525 1063 1818 1121 “Paruis-

257 1159 436 1214 sem.''
520 1158 762 1229 Videtis,
804 1178 976 1234 quam
1023 1159 1243 1217 nefaria
1286 1179 1426 1217 vox:
1483 1169 1561 1231 et,
1602 1160 1814 1235 hercle,

258 1252 342 1311 ita
382 1252 539 1325 fecit,
575 1253 663 1311 vel
701 1253 830 1329 plus
869 1255 1042 1312 etiam
1082 1273 1254 1330 quam
1294 1254 1471 1312 dixit:
1511 1273 1631 1312 non
1662 1254 1816 1313 enim

255 1349 446 1426 paruit
483 1349 582 1408 ille
619 1349 717 1408 Ti.
759 1350 1013 1408 Gracchi
1051 1350 1379 1421 temeritati,
1415 1350 1519 1408 sed
1554 1350 1812 1426 praefuit'3
1846 1358 1908 1409 10

255 1464 368 1504 nec
407 1465 469 1506 se
510 1446 782 1503 comitem
823 1446 976 1504 illius
1016 1445 1242 1519 surori8‚
1279 1446 1383 1504 sed
1421 1446 1650 1519 ducem,
1675 1465 1817 1522 prae-

254 1542 397 1601 buit.
504 1541 726 1616 Itaque,
780 1543 891 1599 hac
958 1542 1228 1613 amentia,
1284 1541 1600 1617 quaestione
1665 1541 1817 1600 nova

253 1638 608 1714 perterritus,
637 1638 697 1694 in
724 1637 925 1695 Asiam
951 1637 1236 1712 profligit3
1282 1637 1352 1694 ad
1380 1637 1569 1695 hostes
1595 1655 1659 1694 se
1684 1655 1818 1695 con·

255 1733 420 1804 tulit3
460 1751 659 1808 poenas
698 1732 1026 1808 reipublicae
1055 1750 1255 1808 graves
1288 1732 1581 1808 justasque
1605 1730 1817 1807 persol-

258 1829 355 1887 vit.
436 1828 619 1885 Nulla
651 1838 737 1899 est
769 1828 943 1905 igitur
970 1827 1264 1885 excusatio
1290 1828 1536 1902 peccati,
1565 1827 1614 1884 si
1643 1827 1814 1885 amici
1847 1836 1909 1886 15

258 1924 437 1983 causa
476 1923 821 1999 peccaveris.
902 1922 1078 1994 Nam,
1110 1941 1240 1980 cum
1282 1922 1643 1981 conciliatrix
1682 1923 1817 1981 ami-

257 2021 411 2080 citiae
439 2019 664 2077 virtutis
689 2018 886 2095 opinio
913 2018 1104 2090 fuerit,
1134 2018 1367 2078 difficile
1388 2029 1479 2077 est
1506 2019 1816 2079 amicitiam

256 2136 511 2188 manere,
540 2116 589 2174 si
617 2135 651 2174 a
676 2116 883 2173 virtute
912 2115 1206 2174 defeceris.

331 2213 515 2276 Quod
554 2212 604 2270 si
644 2221 866 2270 rectum
912 2211 1295 2283 statuerimus,
1351 2212 1438 2270 vel
1477 2213 1815 2272 concedere

254 2310 459 2368 amicis
486 2308 764 2385 quidquid
791 2308 984 2380 velint,
1010 2308 1096 2365 vel
1126 2308 1427 2384 impetrare
1458 2310 1528 2367 ab
1555 2309 1627 2367 iis
1655 2310 1815 2385 quid·
1843 2316 1907 2368 20

255 2406 395 2480 quid
435 2405 693 2475 velimuS,
733 2404 990 2480 perfecti
1028 2404 1259 2479 quidem
1299 2405 1579 2480 sapientia
1616 2406 1813 2478 simus,

256 2499 310 2556 si
356 2498 498 2556 nihil
545 2499 752 2557 habeat
798 2518 891 2556 res
935 2499 1096 2556 vitii:
1144 2499 1247 2556 sed
1292 2498 1579 2573 loquimur
1623 2499 1698 2556 de
1744 2500 1817 2558 iis

262 2594 462 2652 amicis
501 2593 599 2668 qui
641 2604 771 2652 ante
812 2594 1014 2652 oculos
1052 2604 1205 2665 sunt,
1234 2613 1377 2669 quos
1411 2594 1688 2670 videmus,
1720 2605 1817 2652 aut

260 2689 335 2746 de
373 2688 577 2764 quibus
601 2689 934 2747 memoriam
965 2688 1311 2763 accepimus,
1343 2697 1440 2746 aut
1477 2708 1619 2764 quos
1658 2690 1817 2747 novit

260 2783 378 2841 vita
417 2783 751 2841 communis.
832 2783 924 2841 Ex
958 2784 1071 2842 hoc
1098 2801 1338 2840 numero
1364 2783 1533 2840 nobis
1558 2784 1817 2859 exempla
1843 2794 1906 2844 25

260 2880 540 2939 sumenda
565 2889 715 2950 sunt,
745 2889 803 2938 et
827 2899 1027 2938 eorum
1053 2880 1285 2955 quidem
1310 2879 1575 2952 maxime,
1604 2880 1703 2955 qui
1743 2881 1815 2939 a'd

258 2975 599 3054 sapientiam
624 2976 878 3051 proxime
907 2977 1207 3035 accedunt.

341 3072 621 3132 Videmus
644 3071 867 3150 Papum
891 3072 1192 3133 AEmilium
1219 3070 1287 3132 C.
1317 3071 1574 3133 Luscino
1612 3072 1816 3153 famili-
