2192 3550
251 288 371 351 1⁰6
651 301 927 361 mnus,
969 302 1119 351 sm:
1159 301 1248 352 nn
1266 327 1272 333 -
1287 302 1605 353 Amor-mi.

339 448 447 508 sed
472 450 645 509 etiam
668 451 915 526 pesteris
952 452 1062 510 erit
1088 453 1248 517 elasa
1285 462 1344 511 et
1384 452 1644 530 insignis.
1726 452 1924 512 Nemo

342 565 594 622 unquam
624 547 816 605 animo
845 558 942 606 aut
969 568 1069 624 spe
1111 549 1329 626 majora
1360 549 1654 625 suscipiet,
1683 550 1780 626 qui
1808 550 1919 608 sibi

340 659 460 700 non
489 641 642 699 illius
667 643 1004 701 memoriam
1046 654 1216 719 atque
1255 645 1566 722 imaginem
1600 662 1923 722 proponen-

339 736 476 795 dam
500 747 681 813 putet.

273 838 311 888 5
418 833 723 911 Equidem,
772 852 845 894 ex
895 837 1164 895 omnibus
1208 839 1380 897 rebus
1427 855 1568 914 quas
1625 838 1769 896 mihi
1822 847 1922 897 aut

341 931 572 991 fortuna
624 942 723 992 aut
773 943 980 993 natura
1030 936 1250 1009 tribuit,
1306 937 1449 994 nihil
1504 937 1710 1009 habeo,
1765 936 1921 1011 quod

340 1047 495 1114 eum·
520 1030 776 1091 amicitia
823 1031 1118 1110 Scipionis
1157 1033 1374 1106 possim
1420 1050 1766 1109 comparare.
1848 1030 1920 1090 In

340 1125 453 1186 hao
482 1129 621 1191 mihi
662 1130 734 1187 de
772 1129 1072 1205 republica
1098 1146 1435 1200 consensus,
1477 1128 1538 1185 in
1579 1129 1691 1185 hae
1727 1147 1921 1186 rerum

337 1224 683 1299 privatarum
727 1225 1053 1296 eonsilium,
1113 1224 1175 1281 in
1222 1224 1428 1282 eadem
1479 1224 1706 1300 requies
1749 1226 1923 1301 plena

246 1311 309 1362 1⁰
338 1318 740 1378 oblectationis
794 1320 915 1378 fuit.
997 1320 1310 1395 Nunquam
1357 1319 1519 1377 illum
1563 1338 1639 1376 ne
1682 1321 1922 1378 minima

338 1413 570 1490 quidem
596 1432 660 1471 re
685 1415 921 1486 offendi,
950 1415 1106 1489 quod
1145 1414 1375 1490 quidem
1416 1414 1733 1473 senserim:
1773 1415 1922 1474 nihil

340 1509 531 1568 audivi
577 1529 649 1568 ex
693 1528 764 1568 eo
812 1511 953 1588 ipse,
1007 1510 1161 1587 quod
1198 1511 1447 1571 nollem.
1526 1510 1661 1568 Una
1714 1510 1922 1570 domus

339 1615 483 1678 erat,
512 1605 663 1664 idern
691 1606 897 1679 viane,
927 1607 1088 1683 isque
1117 1606 1474 1677 eommunis3
1517 1625 1703 1682 neque
1732 1607 1919 1664 solum

340 1702 567 1778 militia,
628 1703 729 1763 sed
797 1704 972 1763 etiam
1041 1703 1535 1782 peregrinationes
1600 1704 1921 1761 rusticatio-

249 1810 313 1863 15
342 1793 560 1879 nesque
613 1821 967 1863 communes.
1067 1802 1224 1860 Nam
1264 1802 1401 1878 quid
1442 1821 1550 1878 ego
1590 1802 1662 1858 de
1714 1801 1919 1859 studiis

342 1898 535 1957 dicam
578 1899 974 1976 cognoscendi
1022 1917 1254 1975 semper·
1297 1898 1530 1973 aliquid,
1582 1908 1749 1974 atque
1807 1898 1922 1954 dis-

342 1993 536 2066 cendi,
566 1993 628 2053 in
666 1995 893 2070 quibuS,
918 1995 1128 2053 remoti
1171 1996 1242 2052 ab
1283 1995 1469 2052 oeulis
1501 1994 1718 2070 populi,
1749 2013 1921 2051 omne

342 2090 593 2147 otiosum
637 2100 864 2165 tempus
917 2092 1331 2149 contrivimus?
1409 2091 1676 2152 Quarum
1728 2109 1920 2149 rerum

341 2184 667 2244 recordatio
693 2194 753 2243 et
796 2186 1075 2243 memoria
1120 2187 1170 2243 si
1207 2187 1333 2244 unii
1367 2206 1500 2245 eum
1548 2186 1646 2243 illo
1674 2186 1925 2243 oeeidis-

248 2291 314 2347 20
343 2290 451 2352 set,
479 2279 826 2338 desiderium
856 2280 1314 2356 conjunctissimi
1348 2290 1514 2356 atque
1544 2280 1920 2339 amantissimi

341 2376 450 2438 viri
504 2373 651 2433 ferre
703 2375 863 2433 nullo
918 2376 1089 2433 modo
1142 2396 1386 2453 possem.
1461 2375 1602 2440 ,Sed
1654 2394 1765 2433 nee
1820 2376 1922 2434 illa

342 2471 627 2531 exstincta
672 2482 837 2541 sunt3
902 2472 1241 2547 alunturque
1288 2471 1481 2546 potius
1527 2480 1585 2528 et
1640 2482 1922 2549 augentur

342 2569 695 2647 cogitatione
722 2578 780 2626 et
816 2569 1110 2627 memoria.
1193 2568 1288 2639 Et,
1319 2566 1368 2623 si
1409 2565 1522 2623 illis
1560 2567 1730 2651 plane
1758 2570 1923 2626 orba-·

341 2674 436 2724 tus
482 2683 688 2737 essem,
736 2683 1008 2741 magnum
1071 2675 1262 2722 tamen
1318 2663 1542 2721 afferret
1601 2665 1743 2722 mihi
1781 2675 1918 2722 aetas

248 2769 315 2821 25
345 2760 471 2838 ipsa
496 2762 798 2820 solatium:
841 2760 1057 2817 diutius
1085 2761 1240 2817 enim
1262 2760 1381 2835 jam
1410 2758 1470 2816 in
1498 2761 1611 2817 hoe
1631 2760 1919 2818 desiderio

344 2874 473 2915 esse
514 2876 633 2915 non
672 2875 922 2932 possum.
1004 2855 1222 2914 Omnia
1264 2865 1452 2915 autem
1494 2858 1689 2915 brevia
1715 2857 1921 2916 tolera-

345 2950 487 3012 bilia
511 2971 638 3013 esse
666 2953 899 3025 debent,
928 2953 1102 3011 etiam
1131 2952 1180 3010 si
1208 2947 1420 3031 'magna
1445 2953 1577 3014 sint.
