2192 3550
293 314 373 376 ยน74
689 324 963 383 tlemus,
999 320 1150 371 slva
1189 323 1276 370 nn
1310 323 1626 372 amen-u.

384 472 614 549 optimis
645 472 965 547 quibusque
1003 472 1241 530 honoris
1282 482 1572 531 certamen
1612 480 1672 529 et
1710 471 1946 548 gloriae3

383 588 457 627 ex
495 586 609 643 quo
637 567 970 626 inimicitias
1007 569 1284 627 maximas
1312 587 1462 644 saepe
1493 568 1641 625 inter
1671 565 1950 625 amicissi-

384 682 509 722 mos
534 663 834 721 exstitisse.
898 663 1119 741 Magna
1136 665 1311 723 etiam
1339 663 1595 735 dissidia,
1619 673 1678 721 et
1702 663 1951 739 plerum-

384 779 494 835 que
536 760 690 836 justa
735 760 919 833 nasci,
961 780 1095 818 cum
1144 761 1358 835 aliquid
1409 761 1480 818 ab
1530 761 1750 832 amiciS,
1794 759 1950 834 quod

323 863 356 912 5
383 866 605 914 rectum
641 876 758 914 non
796 867 965 929 esset,
991 858 1409 933 postularetur3
1452 868 1517 914 ut
1558 867 1655 915 aut
1694 855 1951 914 libidinis

383 952 650 1024 ministri,
682 963 779 1011 aut
807 954 1095 1029 adjutores
1123 964 1315 1011 essent
1344 953 1413 1011 ad
1442 953 1707 1029 injuriam
1739 973 1752 1009 :
1795 951 1952 1025 quod

384 1049 482 1124 qui
510 1059 861 1120 recusarent,
891 1050 1149 1124 quamvis
1181 1049 1422 1106 honeste
1458 1049 1518 1105 id
1556 1048 1831 1117 facerent,
1855 1046 1951 1121 jus

382 1154 575 1202 tamen
605 1145 873 1201 amicitiae
901 1144 1164 1201 deserere
1195 1153 1566 1219 arguerentur
1606 1145 1676 1202 ab
1717 1138 1797 1201 iis?
1829 1141 1954 1218 qui-

384 1240 492 1297 bus
538 1240 776 1312 obsequi
823 1238 1086 1295 nollent:
1145 1238 1275 1294 illos
1323 1249 1533 1308 autem,
1582 1239 1681 1312 qui
1729 1237 1954 1312 quidvis

293 1340 355 1391 10
386 1334 457 1391 ab
499 1334 685 1391 amico
728 1333 1004 1390 auderent
1041 1333 1352 1408 postulare,
1393 1332 1779 1408 postulatione
1827 1334 1955 1408 ipsa

381 1429 655 1506 profiteri,
698 1429 893 1486 omnia
938 1448 1000 1485 se
1049 1428 1221 1485 amici
1263 1429 1440 1486 causa
1485 1447 1610 1485 esse
1659 1426 1951 1486 facturos:

384 1543 584 1584 eorum
612 1526 845 1600 querela
882 1525 1224 1582 inveteratas
1260 1544 1378 1582 non
1405 1525 1577 1581 modo
1605 1524 1957 1582 familiarita-

383 1633 473 1680 tes
509 1622 799 1699 exstingui
835 1622 1040 1693 solere,
1070 1621 1174 1678 sed
1200 1621 1374 1679 etiam
1402 1621 1534 1680 odia
1560 1621 1722 1698 gigni
1751 1621 1958 1697 sempi-

384 1729 565 1779 terna.
659 1719 806 1778 Haec
853 1719 935 1778 ita
980 1719 1180 1792 multa,
1230 1718 1393 1794 quasi
1440 1718 1574 1792 fata,
1625 1719 1955 1795 impendere

294 1827 357 1879 15
390 1818 678 1890 amicitiis,
732 1827 816 1888 ut,
871 1817 1068 1875 omnia
1132 1817 1549 1894 subterfugere,
1604 1835 1717 1875 non
1784 1815 1957 1873 modo

388 1916 703 1990 sapientiae,
772 1915 873 1972 sed
939 1914 1114 1972 etiam
1183 1913 1494 1985 felicitatis,
1564 1914 1781 1971 diceret
1846 1911 1957 1968 sibi

386 2010 585 2068 videri.

466 2200 575 2259 XI.
654 2201 1054 2262 Quamobrem
1116 2202 1173 2259 id
1239 2204 1486 2279 primum
1539 2200 1850 2265 videamus,
1905 2194 1955 2251 si

386 2297 597 2373 placet,
632 2298 915 2371 quatenus
957 2317 1116 2355 arnor
1157 2299 1217 2356 in
1261 2298 1514 2357 amicitia
1552 2291 1820 2369 progredi
1861 2290 1959 2347 de-

293 2400 358 2451 20
390 2394 540 2452 beat.
622 2392 802 2464 Num,
833 2394 882 2451 si
915 2394 1262 2453 Coriolanus
1303 2392 1501 2450 habuit
1543 2389 1778 2459 amicos,
1809 2387 1957 2445 ferre

391 2505 593 2548 contra
611 2490 852 2567 patriam
876 2510 1033 2549 arma
1060 2492 1144 2549 illi
1174 2510 1305 2548 cum
1336 2485 1646 2545 Coriolano
1668 2483 1957 2542 debuere?

390 2606 527 2645 num
583 2588 967 2645 Viscellinum
1024 2587 1216 2657 amici,
1272 2601 1513 2658 regnum
1577 2590 1956 2657 appetentem,

389 2703 529 2741 num
560 2684 657 2759 Sp.
689 2683 968 2755 Maelium,
999 2684 1320 2739 debuerunt
1341 2678 1579 2754 juvare'l

469 2780 566 2837 Ti.
592 2781 823 2872 quidem
842 2778 1175 2837 Gracchum
1203 2774 1617 2849 rempublicam
1637 2783 1957 2843 vexantem,

295 2880 360 2930 25
394 2895 427 2932 a
450 2876 531 2937 Q.
555 2876 888 2947 Tuberone,
913 2871 1339 2949 aequalibusque
1370 2870 1591 2942 amicis,
1621 2870 1959 2928 derelictum

390 2970 739 3029 videbamus.
839 2970 921 3027 At
967 2969 1036 3026 C.
1086 2968 1337 3039 Blosius,
1387 2967 1705 3037 Cumanus,
1754 2966 1960 3038 hospes

391 3063 621 3123 familiae
649 3076 867 3137 vestrae,
891 3066 1171 3138 Scaevola,
1196 3084 1331 3124 cum
1361 3064 1433 3124 ad
1459 3084 1573 3137 me,
1602 3063 1702 3139 qui
1730 3062 1961 3120 aderam

2153 416 2163 623 ยน
