2192 3550
755 315 844 363 m:
878 310 1281 364 senscrumss
1823 305 1905 366 87

231 472 387 520 terra
427 463 801 522 foecundior'l
916 463 1085 526 Quid
1152 463 1225 522 de
1293 464 1539 523 utilitate
1604 465 1807 541 loquar

231 560 631 618 stercorandi?
711 560 850 617 Dixi
892 560 953 618 in
993 578 1064 616 eo
1104 559 1272 632 libro,
1311 580 1480 637 quem
1521 562 1594 618 de
1634 561 1807 619 rebus

232 654 463 711 rusticis
516 656 752 730 scripsi3
824 655 895 711 de
949 656 1064 730 quii
1118 655 1326 715 doctus
1381 657 1675 715 Hesiodus
1728 674 1806 714 ne

230 751 468 808 verbum
509 751 739 825 quidem
782 751 939 822 fecit,
971 770 1105 809 cum
1146 750 1218 809 de
1248 752 1474 810 cultura
1516 754 1638 830 agri
1667 753 1806 811 scri-

231 845 406 902 beret.
489 846 572 903 At
600 844 911 917 Home'ruS,
934 846 1031 921 qui
1052 847 1248 903 multis
1271 846 1362 923 (ut
1390 848 1529 905 mihi
1550 849 1801 927 videtur)
1835 853 1870 903 δ

231 951 363 998 ante
390 941 617 999 saeculis
646 940 771 1010 fuit,
795 940 1065 998 Laertem
1094 941 1409 998 lenientem
1430 943 1802 1016 desiderium,

226 1037 380 1112 quod
422 1037 688 1111 capiebat
724 1055 759 1092 e
798 1035 939 1108 filio,
981 1037 1269 1094 colentem
1313 1055 1532 1113 agrum,
1574 1047 1633 1094 et
1672 1056 1805 1097 eum

226 1142 660 1204 stercorantem,
690 1132 844 1191 facit.
927 1132 1059 1190 Nec
1100 1151 1235 1191 vero
1276 1134 1568 1210 segetibus
1595 1134 1802 1215 solum,

225 1238 285 1286 et
324 1228 520 1302 pratis,
549 1239 608 1286 et
637 1229 835 1301 vineis,
865 1239 924 1286 et
967 1230 1231 1301 arbustis,
1262 1249 1354 1287 res
1393 1231 1625 1291 rusticae
1653 1231 1801 1288 laetae

224 1335 376 1396 sunt,
401 1325 499 1382 sed
529 1326 702 1383 etiam
729 1326 909 1384 hortis
936 1336 994 1382 et
1019 1327 1293 1402 pomariis
1316 1347 1330 1397 ;
1360 1337 1484 1384 tum
1510 1313 1801 1403 pecudum
1834 1329 1897 1379 10

221 1432 406 1498 pastu,
440 1422 629 1497 apium
670 1423 1049 1494 examinibus,
1081 1423 1286 1480 florum
1328 1424 1585 1481 omnium
1625 1424 1803 1481 varie-

222 1529 353 1577 tate.
437 1519 497 1577 N
499 1538 569 1576 ec
591 1520 946 1576 consitiones
968 1519 1147 1576 'modo
1171 1520 1480 1591 delectant,
1504 1521 1606 1577 sed
1624 1521 1800 1578 etiam

221 1614 553 1685 insitiones3
595 1615 803 1690 quibus
843 1614 987 1671 nihil
1030 1615 1250 1672 invenit
1293 1617 1645 1691 agricultura
1689 1616 1801 1673 sol·-

218 1711 438 1768 lertiuS.

296 1902 465 1960 XVI.
546 1902 788 1958 Possum
827 1901 1093 1977 persequi
1148 1901 1329 1959 multa
1369 1901 1796 1961 oblectamenta
1828 1907 1891 1957 15

216 2018 408 2058 rerum
451 1998 826 2056 rusticarum:
870 1999 971 2056 sed
1011 2018 1082 2056 ea
1123 1999 1264 2074 ipsa,
1294 2017 1420 2075 quae
1448 1999 1586 2070 dixi,
1619 1999 1796 2057 fuisse

216 2097 403 2155 sentio
469 2095 748 2172 longiora.
859 2095 1184 2172 Ignoscetis
1253 2106 1477 2154 autem:
1546 2115 1682 2153 nam
1735 2107 1795 2154 et

215 2194 406 2252 studio
447 2212 638 2251 rerum
678 2193 1022 2250 rusticarum
1060 2202 1374 2268 provectus
1416 2213 1561 2265 sum,
1605 2203 1664 2250 et
1705 2213 1794 2251 se-

213 2301 417 2349 nectus
443 2300 531 2347 est
557 2289 763 2347 natura
790 2289 1119 2364 loquacior3
1163 2308 1237 2347 ne
1268 2290 1338 2347 ab
1365 2291 1634 2347 omnibus
1660 2308 1789 2347 eam

212 2387 366 2444 vitiis
391 2387 585 2445 videar
605 2386 919 2444 vindicare.
1003 2385 1163 2462 Ergo
1190 2386 1251 2443 in
1280 2387 1390 2443 hac
1417 2386 1535 2443 vita
1564 2386 1646 2443 M’
1673 2387 1790 2444 Cu·
1819 2396 1883 2445 20

213 2482 351 2552 riae,
381 2500 512 2539 cum
553 2484 625 2540 de
655 2482 1029 2552 SamnitibuS,
1061 2482 1135 2538 de
1177 2482 1429 2552 Sabinis,
1462 2483 1533 2538 de
1561 2482 1786 2557 Pyrrho

213 2576 638 2650 triumphasset,
668 2578 1025 2653 consumpsit
1050 2588 1372 2635 extremum
1401 2587 1627 2653 tempus
1657 2586 1788 2634 aeta-

214 2670 289 2728 tis
313 2690 325 2727 :
356 2670 519 2745 cujus
544 2674 772 2747 quidem
793 2674 985 2731 villam
1012 2691 1124 2750 ego
1153 2672 1568 2747 contemplanS,
1595 2671 1787 2748 (abest

212 2765 368 2824 enim
396 2785 514 2823 non
540 2767 710 2845 longe
740 2790 773 2828 a
792 2770 913 2848 me)
941 2769 1210 2827 admirari
1238 2767 1375 2826 satis
1402 2787 1522 2825 non
1549 2783 1783 2843 possum

210 2864 299 2923 vel
341 2853 592 2921 hominis
630 2866 808 2941 ipsius
849 2867 1289 2937 continentiam,
1332 2865 1419 2922 vel
1460 2875 1779 2941 temporum
1812 2875 1878 2924 ἓξ)

209 2960 593 3038 disciplinam.
675 2961 876 3035 Curio,
908 2963 979 3021 ad
1008 2965 1204 3022 focum
1233 2962 1477 3034 sedenti,
1507 2981 1780 3040 magnum

209 3059 331 3117 auri
356 3057 586 3135 pondus
625 3058 917 3118 Samnites
943 3079 1080 3117 cum
1122 3059 1466 3132 attulissent,
1495 3058 1781 3137 repudiati

673 3154 714 3212 4
