2192 3550
813 317 899 365 DE
941 315 1347 364 SENEGTUTE.
1894 300 1970 357 51

248 462 253 469 ’
306 466 558 526 virorum
602 476 739 543 post
780 476 1022 524 mortem
1063 465 1316 522 honores
1354 470 1778 540 permanerent,
1825 460 1877 518 si

305 564 448 621 nihil
478 581 677 621 eorum
705 563 961 639 ipsorum
991 561 1167 620 animi
1195 562 1509 644 efficerent,
1530 578 1643 634 quo
1656 557 1877 616 diutius

304 659 642 717 memoriam
688 660 781 717 sui
823 669 1170 716 teneremus.
1253 657 1404 715 Mihi
1460 657 1692 732 quidem
1733 673 1879 712 nun-

304 774 476 830 quam
502 755 833 832 persuaderi
859 754 1066 830 potuit,
1098 754 1340 826 animos,
1371 753 1507 811 dum
1536 753 1597 810 in
1626 752 1878 829 eorpori-

303 851 412 910 bus
439 861 631 909 essent
671 851 1027 922 mortalibus,
1070 850 1298 919 vivere3
1340 869 1475 908 oum
1516 849 1767 908 exissent
1806 867 1878 905 ex
1907 860 1940 908 5

304 946 396 1019 iis,
419 946 634 1004 emori:
677 964 789 1003 neo
818 963 974 1017 vere,
1003 955 1126 1002 tum
1158 945 1412 1002 animum
1452 963 1578 1000 esse
1607 944 1878 1019 insipien-

303 1053 443 1116 tem,
473 1062 624 1101 .oum
672 1062 746 1100 ex
788 1042 1086 1117 insipienti
1133 1059 1377 1117 corpore
1425 1041 1731 1110 evasisset3
1775 1042 1877 1098 sed

305 1158 461 1211 eum,
488 1139 649 1198 omni
692 1139 1042 1197 admixtione
1071 1138 1333 1214 corporis
1373 1138 1670 1217 liberatae,
1697 1155 1878 1213 purus

305 1244 366 1292 et
412 1236 632 1312 integer
679 1255 807 1294 esse
848 1236 1137 1312 ooepisset,
1182 1245 1303 1293 tum
1359 1254 1486 1295 esse
1534 1234 1872 1310 sapientem.

303 1330 499 1406 Atque
519 1332 712 1404 etiam,
743 1351 878 1390 oum
907 1332 1163 1389 hominis
1184 1341 1395 1389 natura
1415 1340 1600 1389 morte
1622 1330 1878 1387 dissolvi-
1909 1333 1971 1382 10

303 1435 417 1499 tur,
447 1437 780 1486 caeterarum
811 1446 1024 1500 rerum,
1052 1429 1426 1504 perspicuum
1446 1437 1554 1499 est,
1585 1445 1700 1503 quo
1728 1445 1879 1501 quae-

304 1542 415 1598 que
445 1523 744 1582 discedant
767 1544 780 1580 t
807 1525 1021 1581 abeunt
1044 1525 1202 1583 enim
1225 1525 1365 1583 illuo
1389 1524 1602 1595 omnia,
1616 1524 1771 1581 unde
1792 1541 1879 1581 or-

301 1629 364 1677 ta
379 1628 545 1690 sunt;
589 1621 814 1677 animus
843 1630 1034 1678 autem
1059 1621 1374 1692 solus,‚neo'
1394 1639 1528 1678 oum
1560 1620 1739 1690 adest,
1768 1637 1879 1676 neo

305 1734 437 1786 cum
453 1712 717 1787 discedit,
744 1724 993 1792 apparet.
1020 1715 1075 1776 ‚J
1080 1734 1172 1773 am
1188 1733 1325 1773 vero
1340 1704 1566 1788 videtis,
1585 1715 1729 1773 nihil
1751 1733 1879 1771 esse

304 1810 478 1867 morti
503 1820 622 1866 tam
651 1810 857 1881 simile,
887 1829 1060 1884 quam
1082 1829 1365 1869 somnum.
1450 1811 1632 1887 Atqui
1669 1811 1972 1872 dormi-'15

305 1905 526 1963 entium
557 1904 733 1962 animi
774 1905 1022 1963 maxime
1064 1904 1361 1964 declarant
1401 1907 1762 1966 divinitatem
1789 1925 1882 1965 su·

307 2020 417 2059 am.
499 1999 691 2058 Multa
742 2001 919 2073 enim,
976 2021 1111 2059 oum
1155 2003 1378 2060 remissi
1422 2015 1480 2062 et
1521 2004 1691 2061 liberi
1724 2015 1877 2078 sunt,

304 2098 496 2157 futura
539 2097 918 2174 prospiciunt.
1002 2097 1094 2156 Ex
1135 2118 1251 2174 quo
1291 2099 1649 2178 intelligitur,
1681 2103 1879 2177 quales

303 2194 479 2253 futuri
508 2193 643 2266 sint,
674 2211 808 2251 eum
830 2212 892 2251 se
918 2194 1091 2269 plane
1120 2195 1380 2271 corporis
1408 2197 1656 2255 vinculis
1698 2199 1880 2256 relax-

305 2292 539 2350 averint.
619 2290 844 2362 Quare,
874 2291 922 2347 si
951 2291 1078 2351 haeo
1106 2291 1189 2349 ita
1214 2302 1367 2364 sunt,
1390 2292 1475 2351 sio
1503 2312 1596 2351 me
1618 2295 1876 2366 nolitote,
1906 2300 1971 2349 20

302 2397 368 2446 ut
394 2387 602 2445 Deum.
687 2387 794 2445 Sin
834 2388 953 2445 una
979 2397 1069 2446 est
1109 2388 1446 2447 interiturus
1488 2391 1714 2447 animus
1744 2409 1878 2448 oum

305 2499 567 2557 corpore,
620 2502 723 2540 vos
776 2492 990 2554 tamen,
1034 2483 1196 2542 Deos
1241 2494 1524 2557 verentes,
1573 2485 1673 2560 qui
1726 2485 1881 2542 hane

307 2594 537 2634 omnem
575 2578 1063 2653 pulchritudinem
1108 2588 1343 2637 tuentur
1385 2590 1443 2636 et
1482 2590 1710 2657 regunt,
1766 2600 1882 2639 me-

306 2672 550 2730 moriam
576 2674 757 2731 nostri
795 2675 891 2750 pie
919 2674 1684 2750 inviolateque·servabitis.''
1769 2676 1882 2753 Cy-

308 2787 406 2827 rus
433 2768 664 2845 quidem
690 2770 817 2830 haeo
843 2770 1115 2829 moriens.
1195 2770 1324 2830 Nos
1348 2770 1425 2850 (si
1444 2772 1661 2852 placet)
1684 2784 1882 2832 nostra
1908 2780 1972 2831 25

307 2864 621 2924 videamus.

384 3058 621 3122 XXIII.
702 3057 898 3118 Nemo
923 3078 1180 3136 unquam
1207 3060 1371 3134 mihi,
1401 3061 1880 3140 Soipimpersua-
