2192 3550
276 285 361 346 92
720 300 996 362 LAEuus,
1032 300 1203 361 snm,
1218 301 1308 349 nn
1341 301 1658 350 Amor-ru.

449 447 709 508 Tantum
754 459 947 508 autem
988 451 1202 528 cuique
1247 450 1639 524 tribuendum,
1678 450 1952 529 primum,

369 556 648 622 quantum
676 547 797 622 ipse
814 546 1044 609 efficere
1066 549 1286 625 possis3
1329 548 1540 606 deinde
1561 548 1756 622 etiam,
1775 567 1956 624 quan-

368 653 490 700 tum
532 642 649 715 ille,
678 662 850 719 quem
890 645 1101 722 diligas
1143 655 1313 721 atque
1354 645 1605 723 adjuves,
1648 645 1952 704 sustinere.

366 737 508 796 Non
537 740 692 798 enim
719 749 782 800 tu
808 743 1013 818 possis,
1044 743 1412 817 quantumvis
1451 743 1722 815 excellas,
1750 760 1954 800 omnes

302 849 338 898 5
366 845 497 894 tuos
527 836 597 894 ad
627 837 886 896 honores·
899 839 1281 915 amplissimos
1295 839 1642 916 perducere3
1665 849 1731 896 ut
1752 838 1954 914 Scipio

365 931 429 990 P.
455 932 746 993 Rutilium
767 936 955 1012 potuit
984 935 1284 994 consulem
1302 935 1554 1008 efficere,
1575 936 1808 994 fratrem
1828 935 1954 1011 ejus

365 1028 616 1090 Lucium
644 1050 762 1090 non
788 1034 994 1109 potuit.
1073 1032 1266 1094 Quod·
1287 1031 1336 1089 si
1377 1032 1551 1091 etiam
1577 1033 1764 1108 possis
1791 1031 1956 1107 quid·

364 1126 451 1184 vis
471 1128 694 1185 deferre
725 1128 796 1185 ad
826 1127 1086 1199 alterum,
1117 1127 1429 1185 videndum
1456 1138 1545 1185 est
1570 1138 1784 1201 tamen,
1814 1126 1955 1203 quid

365 1222 463 1280 ille
489 1223 671 1299 possit
702 1223 1003 1280 sustinere.

273 1331 336 1380 10
443 1318 702 1376 Omnino
744 1319 1034 1390 amicitiai,
1065 1318 1456 1376 corroboratis
1490 1319 1611 1396 jam
1651 1320 1956 1379 confirma·

361 1413 548 1488 tisque
595 1424 654 1471 et
695 1414 945 1490 ingeniis
992 1424 1051 1471 et
1092 1402 1376 1486 aetatibus,
1410 1414 1740 1491 judicandae
1780 1426 1953 1476 sunt:

361 1528 494 1582 nec,
524 1510 717 1587 siqui,
748 1511 984 1569 ineunte
1025 1521 1212 1583 aetate,
1241 1511 1490 1569 venandi
1533 1521 1631 1569 aut
1668 1511 1800 1589 pilae
1837 1522 1955 1571 stu-

363 1606 513 1665 diosi
542 1607 773 1680 fuerint,
795 1627 894 1667 eos
915 1608 1127 1666 habere
1157 1609 1513 1667 necessarios
1534 1619 1784 1685 oportet,
1807 1628 1951 1684 quos

363 1712 489 1761 tum
516 1704 721 1762 eodem
744 1705 936 1776 studio·
961 1704 1236 1785 praeditos'
1258 1704 1616 1763 dilexerunt:
1660 1705 1773 1784 isto
1794 1705 1951 1764 enim

274 1818 337 1866 15
365 1802 540 1860 modo
568 1804 825 1862 nutrices
864 1812 923 1861 et
962 1802 1285 1881 paedagogi,
1309 1803 1439 1879 jure
1481 1804 1800 1876 vetustatis,
1829 1803 1951 1879 plu-

366 1901 573 1957 rimum
597 1901 1011 1960 benevolentiae
1039 1901 1414 1976 postulabunt
1439 1920 1451 1958 :
1495 1901 1594 1977 qui
1617 1900 1960 1991 negligendi·

366 1995 600 2070 quidem
628 2015 746 2053 non
776 2007 929 2068 sunt,
952 1997 1055 2054 sed
1078 1996 1192 2054 alio
1219 1997 1469 2072 quodam
1498 1997 1671 2055 modo
1700 1995 1947 2055 colendi.

365 2092 555 2149 Aliter
598 2092 866 2150 amicitiai
907 2093 1144 2150 stabiles
1181 2107 1519 2169 permanere
1547 2110 1664 2150 non
1691 2103 1948 2168 possunt.

364 2187 641 2262 Dispares
668 2187 823 2245 enim
853 2207 1062 2260 mores,
1087 2189 1343 2265 disparia
1371 2189 1579 2260 studia,
1610 2198 1949 2262 sequuntur,

227 2349 236 2356 ‚
269 2301 334 2351 20
365 2303 607 2360 quorum
630 2284 1038 2344 dissimilitudo
1056 2286 1333 2344 dissociat
1363 2285 1676 2343 amicitias:
1720 2302 1851 2355 nec,
1874 2287 1950 2345 ob

366 2381 535 2439 aliam
591 2400 825 2439 causam
891 2381 1087 2453 ullam,
1145 2381 1284 2439 boni
1352 2378 1645 2455 improbis»,
1701 2378 1950 2455 improbi

363 2478 551 2550 bonis,
589 2477 761 2536 amici
803 2496 929 2535 esse
973 2497 1092 2535 non
1131 2486 1390 2553 possunt,
1436 2475 1547 2532 nisi
1592 2474 1746 2550 quod
1790 2486 1952 2535 tanta

362 2586 450 2634 est
477 2575 626 2633 inter
656 2592 775 2648 eoS,
805 2586 1021 2651 quanta
1059 2574 1308 2633 maxima
1333 2582 1522 2648 potest
1548 2590 1695 2646 esse,
1723 2592 1950 2632 morum

362 2673 797 2748 studiorumque
826 2672 1113 2730 distantia.

267 2775 339 2825 25
445 2769 638 2828 Recte
677 2769 853 2827 etiam
899 2767 1140 2846 praecipi
1179 2775 1369 2841 potest
1415 2764 1475 2823 in
1527 2766 1817 2840 amicitiis,
1873 2786 1947 2827 ne

366 2863 745 2942 intemperata
773 2865 1033 2940 quaedam
1055 2862 1458 2921 benevolentia
1483 2863 1665 2941 (quod
1692 2883 1947 2941 persoepe

364 2960 456 3039 fit)
487 2961 764 3038 impediat
799 2980 1039 3039 magnas
1079 2959 1356 3017 utilitates
1399 2961 1733 3020 amicorum.
1813 2958 1947 3018 Nec

364 3056 522 3115 enim
553 3056 646 3135 (ut
673 3057 747 3116 ad
787 3057 1010 3115 fabulas
1048 3056 1311 3138 redeam)
1354 3056 1597 3136 Trojam
1636 3056 1948 3135 Neoptole-
