2192 3550
565 333 836 392 Lamus
870 333 1017 380 snm
1055 331 1143 377 DE
1180 330 1491 378 Amcrru.
1835 316 1916 376 63

259 480 585 554 tentiarum,
634 500 857 540 summa
901 479 1223 537 consensio,
1304 479 1504 555 Itaque
1548 495 1667 536 non
1702 486 1820 534 tam

258 577 370 635 ista
398 597 491 635 me
523 578 835 654 sapientia»,
873 594 1040 652 quam
1072 576 1245 633 modo
1275 575 1534 633 Fannius
1571 591 1846 637 comme-⁷

254 674 514 745 moravit,
564 675 715 732 fama
765 673 1033 751 delectat,
1083 671 1225 729 falsa
1267 671 1599 747 praesertim,
1647 688 1816 746 quam

251 772 413 845 quod·
441 771 706 827 amicitiae
737 779 945 826 nostrae
973 768 1304 825 memoriam
1334 756 1816 842 spero-sempiter-

251 885 385 923 nam
426 866 560 924 fore.
641 865 823 940 quue
851 863 990 921 mihi
1017 882 1088 921 eo
1116 863 1299 940 magis
1326 873 1412 919 est
1440 862 1619 935 cordi,
1644 863 1812 938 quod,
1844 877 1878 925 5

251 979 324 1018 ex
362 962 627 1019 omnibus
667 961 910 1032 saeculiS,
939 960 1033 1017 vix
1070 960 1182 1017 tria
1222 968 1318 1016 aut
1357 967 1595 1033 quatuor
1636 959 1815 1016 nomi-

248 1048 460 1114 nan'tur
496 1058 659 1133 paria
700 1057 1045 1114 amicorum:
1087 1073 1201 1131 quo
1242 1055 1300 1112 in
1341 1072 1552 1131 genere
1588 1050 1813 1129 sperare

248 1152 463 1224 videor,
494 1153 784 1229 Scipionis
822 1163 880 1210 et
919 1152 1084 1210 Laelii
1124 1150 1435 1209 amicitiam
1466 1161 1661 1208 notam
1686 1168 1815 1226 pos-

247 1248 463 1305 teritati
491 1249 626 1307 fore.

325 1345 603 1403 Fannius.
684 1345 846 1404 Istud
868 1345 1119 1421 quidem,
1142 1344 1305 1416 Laeli,
1329 1344 1410 1405 ita
1434 1362 1673 1401 necesse
1694 1353 1809 1401 est:
1844 1360 1906 1409 10

246 1442 368 1513 sed,
403 1441 671 1517 quoniam
708 1442 975 1500 amicitiae
1006 1441 1361 1499 mentionem
1393 1440 1601 1512 fecisti,
1635 1450 1693 1498 et
1723 1459 1815 1498 su-

245 1555 374 1594 mus
412 1537 599 1609 otiosi,
633 1547 959 1614 pergratum
1001 1537 1145 1594 mihi
1185 1536 1409 1607 feceriS,
1443 1535 1634 1613 (spero
1675 1536 1813 1593 item

244 1634 548 1713 Scaevolae)
604 1633 672 1704 si,
728 1633 1204 1709 quemadmodum
1259 1630 1408 1687 soles
1461 1631 1535 1686 de
1589 1630 1814 1687 caeteris

245 1729 437 1800 rebuS,
488 1746 620 1787 cum
669 1746 741 1785 ex
793 1738 850 1785 te
895 1736 1242 1802 quaeruntur,
1290 1726 1377 1783 sic
1430 1724 1502 1781 de
1559 1724 1814 1782 amicitia

248 1823 574 1898 disputaris„
616 1823 752 1898 quid
799 1823 1031 1894 sen-tias,
1074 1821 1300 1896 qualem
1340 1819 1648 1892 existimes,
1690 1840 1813 1895 quae
1845 1838 1907 1886 15

245 1928 532 1994 praecepta
558 1919 674 1975 des.
782 1988 787 1993 ι

325 2014 594 2073 Scaevola.
676 2012 825 2071 Mihi
875 2028 1008 2071 vero
1053 2023 1383 2091 pergratum
1427 2013 1573 2071 erit:
1627 2024 1811 2090 atque,

246 2112 493 2187 idipsum
554 2130 687 2168 cum
746 2120 941 2168 tecum
1003 2130 1172 2188 agere
1234 2125 1492 2182 conarer,
1554 2110 1814 2169 Fannius

246 2208 545 2266 antevertit
571 2228 583 2265 :
625 2208 992 2284 quamobrem
1028 2208 1257 2285 utrique
1294 2205 1551 2264 nostrum
1587 2217 1813 2284 gratum

247 2306 551 2363 admodum
581 2304 804 2361 feceris.
1842 2322 1906 2372 20

323 2497 397 2552 V.
479 2497 710 2553 Loelius.
794 2495 924 2572 Ego
959 2513 1093 2552 vero
1128 2514 1244 2552 non
1281 2513 1562 2571 gravarer,
1591 2494 1641 2550 si
1673 2493 1814 2550 mihi

249 2591 370 2666 ipse
412 2591 792 2648 confiderem:
843 2609 977 2647 nam
1025 2600 1082 2646 et
1127 2590 1403 2665 praeclara
1451 2608 1543 2645 res
1589 2598 1707 2657 est;
1757 2597 1817 2645 et

250 2703 446 2742 sumus
481 2682 571 2760 (ut
611 2685 752 2742 dixit
791 2685 1078 2764 Fannius)
1110 2683 1297 2741 otiosi.
1379 2685 1497 2741 Sed
1538 2683 1665 2759 quis
1704 2700 1816 2759 ego

249 2781 420 2838 sum?
472 2790 567 2836 aut
607 2800 731 2855 quae
772 2781 832 2838 in
872 2800 964 2837 me
1004 2790 1091 2837 est
1132 2779 1415 2837 facultas?
1496 2778 1814 2836 Doctorum

251 2885 338 2932 est
378 2875 488 2931 ista
526 2877 900 2947 consuetudo,
931 2894 1111 2951 eaque
1150 2876 1504 2954 Graecorum,
1532 2883 1596 2930 ut
1623 2873 1693 2930 iis
1717 2892 1817 2949 po-
1844 2890 1910 2940 25

251 2981 436 3042 natur,
479 2971 551 3028 de
591 2988 703 3045 quo
743 2971 1030 3046 disputent
1069 2971 1325 3047 quamvis
1361 2970 1569 3027 subito.
1650 2968 1815 3047 Mag-

253 3086 388 3127 num
425 3085 569 3144 opus
604 3076 691 3125 est
708 3086 726 3140 ν;
769 3077 1010 3144 egetque
1041 3066 1453 3126 exercitatione
1480 3086 1596 3127 non
1621 3065 1817 3144 parva.
