2192 3550
294 251 336 310 8
878 265 1054 312 cATo
1102 264 1335 322 MAJOR,
1383 264 1509 311 snu

385 410 542 468 enim
571 429 767 484 onere,
798 414 953 488 quod
979 413 1124 470 mihi
1151 423 1346 471 tecum
1375 430 1684 470 commune
1724 422 1831 486 est,
1863 424 1960 473 aut

395 508 514 584 jam
558 509 836 584 urgentis,
885 518 982 566 aut
1024 519 1183 566 certe
1227 509 1583 567 adventantis
1623 511 1957 582 senectutiS,

386 612 445 660 et
471 613 547 674 te,
579 612 637 660 et
663 604 945 680 meipsum
973 605 1152 661 levari
1181 606 1310 662 volo
1335 625 1348 663 :
1392 605 1501 662 etsi
1538 615 1595 662 te
1624 605 1857 680 quidem
1898 605 1959 663 id

322 712 347 725 ··
385 699 615 756 modice
654 719 721 757 ac
757 701 1064 776 sapienter,
1097 700 1279 779 (sicut
1316 700 1558 781 omnia‚)
1603 711 1661 759 et
1701 700 1871 775 ferre,
1900 711 1959 781 et

325 799 359 847 5
384 796 634 852 laturum
690 815 836 868 esse,
895 807 1056 854 certo
1097 798 1239 855 scio.
1324 797 1442 854 Sed
1481 797 1646 870 mihi,
1695 817 1850 864 cum,
1884 798 1958 865 de

386 891 701 949 Senectute
732 893 947 969 aliquid
974 893 1179 951 vellem
1216 893 1491 966 scribere,
1520 903 1581 950 tu
1612 895 1958 952 occurrebas

385 987 595 1066 dignus
636 1008 706 1047 eo
747 1009 1005 1062 munere,
1051 1009 1166 1065 quo
1214 999 1454 1065 uterque
1502 991 1762 1050 nostrfim
1804 1010 1960 1048 com-

384 1085 634 1142 muniter
689 1096 961 1144 uteretur.
1072 1085 1224 1142 Mihi
1279 1086 1512 1161 quidem
1567 1087 1650 1145 ita
1695 1087 1959 1164 jucunda

385 1180 555 1255 hujus
595 1181 727 1238 libri
768 1181 1060 1238 confectio
1103 1181 1229 1253 fuit,
1273 1192 1336 1239 ut
1383 1202 1500 1239 non
1541 1184 1715 1241 modo
1756 1203 1957 1241 omnes

296 1288 356 1336 10
388 1277 715 1334 absterserit
781 1278 1096 1334 senectutis
1164 1278 1476 1350 molestiaS,
1532 1278 1633 1335 sed
1700 1280 1958 1337 effecerit

385 1372 618 1430 mollem
659 1374 833 1431 etiam
876 1384 935 1431 et
968 1372 1288 1449 jucundam
1330 1384 1706 1433 senectutem.
1789 1374 1850 1432 N
1854 1394 1958 1432 un-

385 1487 556 1543 quam
598 1469 771 1545 igitur
813 1470 951 1526 satis
990 1469 1214 1527 laudari
1247 1470 1421 1546 digne
1458 1471 1669 1546 poterit
1708 1471 1957 1546 philoso-

381 1565 538 1640 phia,
584 1566 679 1622 cui
724 1565 821 1641 qui
860 1575 1077 1640 pareat,
1122 1584 1294 1623 omne
1337 1575 1563 1642 tempus
1607 1567 1790 1624 aetatis
1830 1567 1955 1624 sine

383 1661 648 1718 molestia
674 1663 854 1736 possit
895 1662 1122 1738 degere.
1207 1662 1325 1718 Sed
1363 1663 1435 1719 de
1464 1663 1687 1720 caeteris
1728 1672 1786 1719 et
1814 1662 1956 1719 dixi-

295 1766 356 1814 15
384 1778 512 1815 mus
552 1758 750 1830 multa,
794 1768 852 1816 et
891 1778 1042 1835 saepe
1084 1759 1383 1818 dicemus:
1433 1760 1589 1817 hunc
1628 1759 1840 1817 librum
1882 1759 1953 1817 de

385 1864 682 1911 senectute
726 1855 796 1912 ad
837 1865 894 1912 te
934 1856 1212 1913 misimus,

462 1949 713 2007 Omnem
784 1961 974 2008 autem
1050 1970 1375 2009 sermonem
1455 1953 1760 2009 tribuimus
1835 1971 1953 2010 non

383 2045 665 2118 Tithono,
729 2056 792 2103 ut
852 2046 1054 2102 Aristo
1116 2046 1319 2117 Chius,
1379 2046 1480 2123 (ne
1540 2066 1742 2122 parum
1802 2060 1954 2105 esset

386 2142 743 2199 auctoritatis
799 2142 859 2199 in
917 2128 1160 2222 fabula),
1239 2142 1340 2198 sed
1397 2141 1479 2199 M.
1538 2142 1750 2200 Catoni
1806 2144 1976 2219 seni,-

290 2253 353 2303 20
384 2256 499 2312 quo
539 2237 813 2313 majorem
844 2237 1245 2294 auctoritatem
1273 2238 1510 2294 haberet
1539 2238 1755 2308 oratio;
1802 2240 1953 2315 apud

381 2352 551 2409 quem
580 2333 822 2390 Laelium
851 2343 908 2390 et
938 2333 1275 2409 Scipionem
1313 2333 1555 2391 facimus
1585 2335 1950 2409 admirante5‚

381 2430 536 2505 quod
577 2431 625 2487 is
657 2439 775 2486 tam
818 2429 987 2487 facile
1016 2439 1374 2487 senectutem
1412 2431 1573 2502 ferat,
1606 2432 1790 2506 iisque
1818 2452 1950 2489 eum

380 2525 836 2600 respondentem.
917 2524 1045 2586 Qui
1093 2526 1142 2582 si
1188 2526 1469 2582 eruditius
1516 2527 1801 2584 videbitur
1842 2528 1953 2584 dis-

377 2632 601 2697 putare,
639 2640 811 2695 quam
841 2622 1141 2679 consuevit
1170 2622 1292 2697 ipse
1326 2622 1385 2678 in
1426 2622 1546 2679 suis
1577 2623 1759 2695 libris,
1800 2624 1954 2681 attri-

283 2733 352 2782 25
379 2720 542 2776 buito
569 2719 791 2776 Graecis
818 2719 1020 2792 literiS,
1051 2738 1293 2794 quarum
1322 2729 1548 2777 constat
1575 2739 1708 2777 eum
1734 2729 1953 2796 perstu-

379 2814 606 2871 diosum
648 2813 822 2871 fuisse
851 2814 912 2871 in
954 2825 1269 2872 senectute.
1355 2814 1472 2871 Sed
1515 2816 1652 2889 quid
1694 2834 1836 2891 opus
1864 2823 1952 2872 est

375 2911 581 2988 plura'l
617 2910 736 2987 jam
763 2911 920 2968 enim
949 2910 1129 2986 ipsius
1158 2911 1400 2968 Catonis
1428 2930 1618 2968 sermo
1644 2909 1953 2987 explicabit

379 3017 636 3066 nostram
663 3026 894 3065 omnem
923 3007 995 3064 de
1024 3017 1324 3066 senectute
1352 3008 1714 3066 sententiam.
