2192 3550
562 343 836 403 LAELmS,
871 343 1020 391 swss
1058 342 1147 389 ns
1184 339 1497 388 amorrui.
1819 322 1904 383 83

247 492 463 552 neutris
502 493 743 571 gratiam
784 492 997 550 referre
1022 498 1233 566 posset.
1311 488 1668 564 Quanquam
1712 484 1793 542 mi

244 609 359 662 -ror,
389 590 488 647 illa
528 589 795 665 superbia
834 598 892 646 et
919 585 1369 662 importunitate,
1397 583 1448 641 si
1474 599 1814 659 quemquam

245 686 455 745 habere
493 687 697 763 potuit.
776 686 970 760 Atque
1010 693 1073 740 ut
1113 682 1300 758 hujus,
1331 699 1498 756 quem
1531 678 1668 751 dixi,
1699 695 1817 736 mo-

244 801 335 840 res
375 801 539 840 veros
582 782 799 839 amicos
848 798 1051 857 parare
1090 797 1210 836 non
1248 775 1508 853 potuere,
1550 775 1635 832 sic
1675 774 1819 832 mul-

241 889 434 935 torum
486 897 625 954 opes
676 876 1114 952 praepotentium
1147 872 1481 947 ‚excludunt
1536 871 1817 930 amicitias
1844 878 1877 926 5

242 975 458 1031 fideles.
540 973 681 1030 Non
719 972 874 1029 enim
903 971 1089 1028 solum
1119 970 1244 1045 ipsa
1269 968 1499 1025 fortuna
1525 985 1683 1024 caeca
1707 975 1814 1038 est,

242 1070 347 1126 sed
373 1088 474 1126 eos
500 1069 673 1125 etiam
698 1066 1237 1145 plerumqueefficit
1264 1082 1473 1135 caecos,
1492 1082 1636 1137 quos
1663 1081 1818 1120 com-

241 1164 409 1240 plexa
446 1174 549 1223 est.
630 1163 830 1240 Itaque
868 1165 1184 1221 efferuntur
1224 1161 1308 1219 illi
1348 1161 1468 1217 fere
1503 1159 1732 1217 fastidio
1758 1168 1818 1216 et

243 1260 609 1318 contumacia
629 1280 641 1318 ε
671 1279 857 1334 neque
874 1259 1184 1335 quidquam
1204 1257 1511 1333 insipiente
1528 1255 1816 1314 fortunato

244 1355 660 1414 intolerabilius
686 1357 811 1414 fieri
836 1366 1040 1432 potest.
1845 1358 1908 1409 10

319 1452 515 1528 Atque
555 1452 669 1510 hoc
705 1451 938 1527 quidem
965 1452 1157 1509 videre
1183 1450 1342 1522 licet,
1371 1467 1492 1521 eos,
1519 1448 1619 1524 qui
1647 1458 1817 1507 antea

240 1548 560 1606 commodis
613 1548 844 1605 fuerunt
890 1547 1167 1618 moribus,
1210 1545 1472 1621 imperio,
1513 1554 1814 1620 potestate,

236 1644 526 1720 prosperis
565 1644 755 1713 rebus,
785 1643 1111 1711 immutari3
1159 1641 1464 1716 spernique
1506 1642 1577 1696 ab
1618 1639 1689 1696 iis
1723 1657 1816 1696 ve-

239 1748 391 1797 teres
446 1737 748 1810 amicitias,
800 1737 1087 1813 indulgeri
1140 1736 1321 1794 novis
1401 1734 1569 1798 Quid
1624 1743 1815 1792 autem

238 1834 488 1904 stultius,
531 1851 722 1908 quam,
764 1851 899 1891 cum
937 1832 1249 1907 plurimum
1289 1830 1493 1906 copiis,
1535 1830 1817 1888 facultati·
1846 1838 1909 1887 15

240 1930 368 2000 bus,
397 1929 604 2004 opibus
628 1928 868 2003 possint,
898 1937 1108 1985 caetera
1140 1945 1362 2002 parare,
1393 1945 1517 2001 quae
1543 1939 1817 2001 parantur

235 2024 508 2102 pecunia,
550 2042 747 2101 equos,
790 2024 1054 2096 famulos,-
1088 2033 1305 2102 vestem
1345 2022 1656 2100 egregiam,
1682 2042 1818 2081 vasa

234 2120 523 2198 pretiosa3
582 2120 797 2178 amicos
848 2137 966 2177 non
1018 2138 1239 2195 parare,
1281 2118 1556 2194 optimam
1596 2129 1654 2176 et
1691 2120 1816 2194 pul-

236 2219 581 2276 cherrimam
635 2217 785 2289 vitae,
839 2226 905 2274 ut
957 2216 1038 2274 ita
1088 2216 1301 2287 dicam,
1357 2215 1812 2292 supellectilem?

153 2323 164 2328 '
236 2314 488 2387 Etenim,
518 2323 728 2373 caetera
754 2333 886 2372 cum
913 2323 1137 2389 parant,
1160 2313 1256 2371 cui
1281 2322 1503 2389 parent,
1525 2313 1810 2385 nesciunt,
1839 2321 1905 2370 20

236 2429 349 2468 nec
377 2411 541 2487 cujus
569 2412 746 2469 causa¹
772 2410 1034 2468 laborent
1058 2429 1071 2467 ε
1126 2409 1250 2486 ejus
1276 2410 1435 2467 enim
1460 2419 1546 2466 est
1573 2408 1813 2466 istorum

235 2506 521 2581 quodque,
567 2507 667 2582 qui
720 2506 901 2564 vincit
952 2506 1209 2563 viribus:
1274 2504 1655 2562 amicitiarum
1709 2523 1814 2561 sua

238 2602 450 2676 cuique
475 2613 772 2677 permanet
812 2603 1035 2660 stabilis
1079 2611 1139 2658 et
1175 2611 1337 2659 certa
1360 2600 1683 2675 possessio:
1725 2609 1810 2671 ut,

238 2697 410 2754 etiarn
454 2697 504 2755 si
544 2697 642 2754 illa
680 2708 969 2770 maneant,
999 2716 1128 2772 quae
1164 2706 1298 2753 sunt
1331 2686 1494 2770 quasi
1522 2696 1674 2753 dona
1702 2695 1813 2752 for-

237 2801 411 2863 tunae,
440 2801 631 2849 tamen
670 2794 787 2852 vita
824 2795 1062 2865 inculta,
1107 2802 1166 2849 et
1209 2792 1434 2849 deserta
1474 2791 1545 2848 ab
1587 2791 1808 2865 amicis,
1836 2807 1901 2857 25

238 2908 356 2947 non
384 2888 565 2964 possit
595 2907 719 2947 esse
743 2890 1016 2966 jucunda.
1102 2889 1219 2947 Sed
1248 2888 1372 2946 haec
1399 2890 1696 2946 hactenus.

316 3081 481 3144 XVI.
550 3081 956 3141 constituendi
1010 3095 1203 3142 autem
1253 3090 1408 3155 sunt,
1447 3081 1545 3158 qui
1590 3081 1706 3142 sint
1746 3082 1807 3142 in
