2192 3550
570 328 841 388 LAELmS,
878 329 1026 375 surr:
1065 328 1153 374 DE
1191 326 1504 376 Amcrrm
1771 388 1778 395 ⁸
1836 315 1912 374 61

249 475 340 532 vel
381 475 584 552 glorie,
626 485 690 532 ut
728 476 872 534 nihil
911 485 1108 551 posset
1150 476 1445 533 accedere.
1526 472 1819 531 Moriendi

252 581 444 629 autem
481 591 712 630 sensum
739 572 1296 630 celeritasabstulit:
1338 590 1453 647 quo
1492 570 1565 628 de
1604 589 1819 648 genere

247 667 452 724 mortis
491 668 725 725 difficile
766 667 926 724 dictu
966 676 1088 737 est;
1147 666 1283 743 quid
1330 667 1594 725 homines
1636 665 1818 741 suspi-

249 772 473 835 centur,
496 765 716 822 videtis.
799 763 934 820 Hoc
959 774 1151 821 tamen
1181 782 1312 820 vere
1338 764 1478 821 licet
1503 764 1717 834 dicere,
1746 762 1811 821 P.

248 860 530 935 Scipioni,
579 879 652 917 ex
695 860 891 917 multis
937 860 1162 932 diebuS,
1206 879 1350 935 quos
1396 860 1457 917 in
1503 859 1622 916 vita
1664 859 1813 917 cele-
1842 868 1875 918 5

247 957 525 1013 berrimos
563 957 996 1032 laetissimosque
1036 956 1262 1029 viderit,
1303 956 1465 1013 illum
1504 955 1657 1012 diem
1699 956 1814 1014 cla·

246 1052 533 1109 tissimum
583 1052 775 1124 fuisse,
822 1071 973 1125 cum,
1023 1061 1225 1110 senatu
1274 1051 1527 1123 dimisso,
1577 1050 1810 1109 domum

245 1148 519 1205 reductus
548 1149 619 1206 ad
646 1164 941 1225 vesperum
967 1159 1073 1221 est,
1106 1168 1140 1206 a
1162 1149 1418 1224 patribus
1445 1147 1808 1222 conscriptis,

247 1261 282 1300 a
318 1245 514 1319 populi
554 1244 807 1302 Romani
847 1245 1020 1302 sociis
1060 1254 1121 1302 et
1159 1244 1400 1315 Latmia,
1427 1243 1613 1320 pridie
1637 1262 1808 1319 quam

242 1340 489 1398 excessit
515 1361 548 1399 e
577 1342 733 1399 vitii:
777 1352 840 1399 ut
879 1360 951 1399 ex
988 1352 1107 1400 tam
1149 1342 1264 1399 alto
1304 1341 1599 1418 dignitatis
1624 1341 1805 1418 gradu
1836 1351 1897 1401 10

243 1436 314 1493 ad
366 1454 601 1512 superos
654 1438 913 1495 videatur
965 1438 1177 1515 potius,
1224 1456 1394 1513 quam
1451 1438 1521 1494 ad
1574 1437 1804 1507 inferoS‚
2062 1477 2176 1521 :mn

238 1534 578 1607 pervenisse.
661 1534 868 1609 Neque
907 1535 1060 1592 enim
1104 1534 1376 1592 assentior
1417 1534 1507 1604 iis,
1544 1533 1641 1609 qui
1680 1533 1807 1590 haec
1980 1550 2022 1613 Q

238 1645 419 1702 nuper
447 1629 725 1686 disserere
753 1639 1068 1704 coeperunt,
1098 1648 1233 1686 cum
1260 1629 1597 1703 corporibus
1636 1628 1803 1685 simul
1841 1608 1966 1673 Aa*
1995 1642 2036 1675 ἢ
2065 1636 2104 1675 a,

242 1723 462 1780 animos
490 1724 740 1796 interire,
773 1734 941 1798 atque
968 1724 1165 1782 omnia
1189 1734 1372 1782 morte
1400 1722 1594 1782 deleri.
1953 1686 1998 1737 '³

317 1913 421 1971 IV.
503 1913 641 1971 Plus
703 1914 851 1990 apud
917 1933 1011 1971 me
1077 1914 1439 1989 antiquorum
1494 1915 1801 1974 auctoritas
1830 1932 1891 1980 15

237 2011 404 2081 valet,
434 2009 520 2067 vel
550 2020 870 2088 nostrorum
912 2009 1208 2086 majorum,
1241 2010 1365 2086 (qui
1405 2011 1644 2069 mortuis
1682 2022 1801 2072 tam

235 2107 504 2183 religiosa
557 2106 686 2182 jura
736 2107 1089 2177 tribuerunt3
1152 2108 1304 2183 quod
1356 2125 1474 2165 non
1528 2107 1800 2166 fecissent

232 2203 512 2281 profecto,
547 2203 594 2261 si
626 2204 768 2260 nihil
810 2204 880 2260 ad
915 2222 1015 2260 eos
1047 2204 1333 2278 pertinere
1361 2204 1794 2284 arbitrarentur)

235 2301 319 2358 vel
347 2303 565 2372 eorum,
594 2300 691 2375 qui
723 2300 784 2356 in
816 2300 926 2356 hac
958 2300 1110 2357 terr&
1140 2300 1388 2372 suerunt,
1417 2320 1795 2378 magnamque

233 2398 520 2454 Graeciam
575 2396 726 2472 (quae
779 2382 936 2468 nunc
988 2396 1218 2472 quidem
1274 2398 1461 2455 deleta
1512 2408 1616 2468 ωε,
1672 2407 1794 2455 tum
1823 2410 1887 2459 20

235 2490 500 2571 florebat)
530 2491 804 2548 institutis
845 2500 902 2548 et
938 2492 1241 2567 praeceptis
1276 2492 1395 2549 suis
1430 2493 1791 2561 erudierunt;

236 2586 322 2643 vel
375 2586 515 2661 ejus,
568 2587 664 2662 qui
717 2587 1006 2663 Apollinis
1057 2588 1293 2645 oraculo
1345 2587 1797 2663 sapientissimus

236 2692 323 2739 est
356 2681 676 2757 judicatus:
723 2684 820 2760 qui
867 2704 984 2742 non
1030 2694 1154 2742 tum
1199 2684 1329 2754 hoc,
1364 2692 1488 2741 tum
1534 2682 1693 2754 illud,
1731 2692 1795 2741 ut

237 2778 297 2836 in
335 2778 636 2853 plerisque,
683 2780 784 2837 sed
823 2780 975 2838 idem
1015 2780 1245 2867 dicebgit
1284 2798 1523 2855 semper,
1572 2778 1793 2836 animos

236 2874 532 2932 hominum
579 2892 704 2932 esse
749 2876 988 2949 divinos,
1037 2877 1239 2951 iisque,
1292 2894 1427 2934 cum
1472 2894 1507 2933 e
1553 2892 1794 2951 corpore
1819 2886 1883 2936 25

237 2970 632 3041 excessissent,
669 2971 912 3032 reditum
953 2973 1014 3030 in
1053 2973 1263 3030 coelum
1299 2981 1517 3047 patere,
1551 2970 1793 3049 optimo-

237 3085 346 3142 que
370 3077 430 3125 et
448 3057 764 3143 justissimo
788 3069 997 3145 cuique
1020 3068 1522 3145 expeditissimum.
