2192 3550
744 325 830 376 nn
871 326 1276 376 sannorum.
1808 313 1889 375 23

229 475 578 535 defecerint:
623 477 731 534 etsi
793 476 904 534 ista
961 476 1084 552 ipsa
1123 474 1373 534 defectio
1411 473 1619 533 virium
1661 474 1795 534 ado·

226 573 518 631 lescentiae
544 573 698 630 vitiis
724 573 968 631 efficitur
996 573 1221 648 saepiuS,
1250 591 1421 648 quam
1461 571 1790 630 senectutis,

228 670 569 727 Libidinosa
606 670 820 726 etenim
861 678 919 726 et
965 669 1351 745 intemperans
1406 668 1797 727 adolescentia

226 767 460 824 effetum
489 785 699 841 corpus
725 766 899 823 tradit
926 766 1226 823 senectuti.

307 862 495 937 Cyrus
522 862 776 937 quidem,
807 861 955 936 apud
984 861 1455 936 Xenophontem,
1483 879 1555 918 eo
1583 879 1794 918 sermo-
1822 878 1855 928 5

225 977 322 1030 ne,
352 977 524 1033 quem
563 957 815 1014 moriens
856 957 1074 1029 habuit,
1105 975 1237 1014 cum
1280 956 1584 1014 admodum
1620 976 1797 1014 senex

225 1063 398 1125 esset,
421 1062 595 1130 negat
623 1072 685 1110 se
706 1072 954 1128 unquam
976 1053 1223 1110 sensisse
1251 1061 1606 1109 senectutem
1635 1071 1796 1110 suam

226 1150 663 1207 imbecilliorem
693 1150 920 1222 factam,
963 1169 1134 1225 quam
1164 1149 1553 1207 adolescentia
1578 1149 1777 1206 fuisset

227 1244 359 1322 Ego
385 1246 451 1303 L.
482 1245 783 1304 Metellum
822 1246 1076 1319 memini,
1105 1266 1268 1322 puer,
1312 1243 1457 1323 (qui,
1488 1264 1621 1303 cum
1663 1264 1798 1320 qua-

226 1341 490 1399 driennio
516 1352 647 1418 post
675 1343 914 1400 alterum
945 1343 1308 1401 consulatum
1333 1342 1595 1418 pontifex
1620 1342 1796 1399 maxi-
1826 1348 1887 1398 10

225 1458 354 1496 mus
382 1439 567 1497 factus
606 1449 777 1511 esset,
806 1440 1004 1517 viginti
1047 1453 1107 1496 et
1134 1440 1280 1497 duos
1321 1454 1502 1497 annos
1529 1439 1584 1497 ei
1611 1457 1797 1496 sacer-

226 1534 387 1593 dotio
431 1536 684 1615 praefuit)
737 1537 816 1593 ita
869 1536 1037 1593 bonis
1090 1555 1217 1593 esse
1271 1535 1487 1593 viribus
1540 1546 1795 1592 extremo

226 1640 484 1706 tempore
514 1632 716 1703 aetatis,
746 1642 809 1688 ut
839 1632 1287 1688 adolescentiam
1314 1650 1432 1688 non
1460 1631 1793 1705 requireret.

222 1725 395 1784 Nihil
424 1746 663 1785 necesse
691 1736 777 1784 est
805 1727 944 1784 mihi
974 1727 1046 1782 de
1073 1745 1167 1784 me
1195 1726 1319 1801 ipso
1347 1726 1572 1783 dicere:
1603 1745 1798 1801 quam-

229 1840 401 1895 quam
430 1831 517 1877 est
545 1822 604 1878 id
632 1821 862 1895 quidem
903 1821 1106 1893 senile,
1135 1821 1402 1895 aetatique
1429 1830 1634 1879 nostrae
1662 1841 1798 1879 con·
1827 1838 1888 1887 15

230 1917 472 1974 ceditur.

305 2108 383 2166 X.
467 2108 788 2182 Videtisne,
831 2123 895 2168 ut
937 2111 1085 2186 apud
1127 2110 1446 2170 Homerum
1487 2112 1797 2189 saepissime

226 2204 443 2262 Nestor
470 2204 544 2263 de
565 2205 870 2264 virtutibus
898 2207 1017 2265 suis
1041 2209 1358 2283 praedicet?
1385 2209 1612 2268 tertiam
1640 2209 1797 2267 enim

236 2302 354 2378 jam
409 2312 633 2359 aetatem
703 2303 999 2361 hominum
1054 2304 1317 2363 vivebat:
1385 2324 1499 2363 nec
1552 2315 1676 2363 erat
1741 2305 1795 2363 ei

226 2398 557 2470 verendum,
613 2417 708 2470 ne,
761 2418 897 2457 vera
948 2400 1020 2456 de
1087 2419 1150 2457 se
1215 2401 1555 2476 praedicans,
1624 2401 1797 2458 nimis
1824 2417 1889 2467 20

227 2494 512 2550 videretur
556 2504 652 2551 aut
692 2494 943 2553 insolens
987 2506 1082 2553 aut
1123 2497 1346 2571 loquax.
1430 2496 1662 2554 Etenim
1706 2493 1798 2573 (ut

231 2588 310 2645 ait
377 2588 693 2669 Homerus)
757 2610 829 2648 ex
887 2591 1010 2667 ejus
1075 2591 1276 2669 lingua
1343 2592 1512 2649 melle
1573 2591 1798 2649 dulcior

229 2684 445 2741 fluebat
472 2686 689 2756 oratio;
720 2705 889 2761 quam
921 2688 992 2744 ad
1021 2689 1356 2745 suavitatem
1393 2687 1565 2744 nullis
1592 2687 1799 2764 egebat

229 2780 488 2855 corporis
541 2781 786 2841 viribus:
856 2793 915 2840 et
980 2793 1174 2841 tamen
1228 2784 1345 2841 dux
1410 2783 1505 2840 ille
1557 2783 1798 2840 Graeciae

229 2894 510 2950 nusquam
552 2886 728 2951 optat,
757 2888 821 2936 ut
848 2879 1050 2955 Ajacis
1091 2879 1308 2936 similes
1337 2880 1545 2936 habeat
1571 2878 1796 2951 decem,
1826 2883 1894 2934 25

230 2981 288 3028 at
328 2981 391 3029 ut
429 2970 490 3028 N
493 2973 728 3043 estoris3
771 2975 924 3049 quod
965 2975 1013 3032 si
1056 2975 1353 3049 acciderit,
1394 2994 1513 3034 non
1554 2974 1796 3047 dubitat,

228 3067 367 3141 quin
396 3068 553 3127 brevi
581 3067 767 3145 Troja
792 3070 864 3127 sit
898 3070 1168 3146 peritura.
