2192 3550
735 294 822 343 nn
863 294 1267 343 summorum.
1378 280 1383 287 ’
1813 285 1892 346 1⁹

233 441 297 501 in
352 443 523 502 claris
561 454 620 502 et
674 445 971 531 honoratis
1010 445 1167 517 viriS,
1208 443 1310 503 sed
1367 443 1427 502 in
1467 442 1586 501 vita
1623 442 1798 501 etiam

231 540 453 616 privata
493 551 551 599 et
594 542 804 616 quieta.
904 542 1225 618 Sophocles
1272 540 1342 598 ad
1383 558 1664 598 summam
1714 557 1802 598 se-

234 647 528 695 nectutem
557 638 865 715 tragoedias
885 637 1055 708 secit3
1086 638 1240 714 quod
1266 647 1498 713 propter
1526 636 1799 709 studium,

236 751 370 790 cum
409 753 532 792 rem
572 734 909 792 familiarem
948 734 1244 812 negligere
1270 733 1577 805 videretur,
1608 751 1643 790 a
1666 732 1802 791 filiis

234 829 296 886 in
318 830 603 906 judicium
630 839 866 887 vocatus
892 839 1010 901 est;
1055 840 1136 902 ut,
1165 829 1643 904 quemadmodum
1671 847 1801 886 nos-
1826 844 1862 894 5

236 936 325 983 tro
372 944 531 983 more
578 926 728 983 male
774 944 896 983 rem
943 926 1277 1003 gerentibus
1327 926 1586 1001 patribus
1630 925 1801 982 bonis

236 1021 506 1079 interdici
555 1023 720 1094 solet,
761 1022 848 1079 sic
900 1022 1081 1094 illum,
1126 1021 1289 1097 quasi
1329 1020 1724 1096 desipientem,
1769 1039 1804 1078 a

234 1136 298 1174 re
355 1118 621 1175 familiari
676 1129 1035 1179 removerent
1083 1117 1328 1195 judices.
1409 1116 1571 1174 Tum
1626 1134 1803 1173 senex

234 1214 448 1271 dicitur
475 1232 601 1272 eam
629 1215 898 1288 fabulam,
926 1234 1097 1291 quam
1140 1214 1200 1272 in
1240 1213 1506 1271 manibus
1532 1213 1800 1284 habebat,

230 1321 293 1369 et
337 1311 595 1388 proxime
634 1312 959 1388 scripserat,
999 1310 1290 1388 OEdipum
1329 1309 1674 1381 Coloneum,
1715 1326 1803 1367 re-
1831 1329 1894 1378 10

235 1406 444 1465 citasse
464 1408 774 1485 judicibus,
798 1407 1201 1485 quaesisseque,
1231 1426 1370 1465 num
1397 1406 1536 1464 illud
1568 1424 1800 1465 carmen

236 1503 570 1580 desipientis
623 1505 947 1564 videretur:
1014 1524 1129 1581 quo
1182 1503 1446 1576 recitat0,
1501 1502 1802 1561 sententiis

244 1599 505 1676 judicum
533 1611 620 1658 est
644 1602 938 1659 liberatus

313 1696 474 1753 Num
515 1696 687 1773 igitur
729 1697 908 1768 hunc,
948 1715 1089 1753 num
1131 1696 1473 1766 Homerum,
1515 1711 1656 1751 num
1686 1688 1805 1749 He-

237 1792 483 1862 siodum,
544 1811 682 1849 num
743 1791 1123 1862 Simonidem,
1183 1808 1323 1847 num
1384 1788 1801 1859 Stesichorum,
1834 1797 1895 1847 15

238 1904 377 1944 num
408 1884 578 1963 (quos
621 1895 749 1942 ante
790 1886 936 1965 dixi)
966 1885 1302 1956 Isocratem,
1330 1883 1626 1961 Gorgiam,
1664 1901 1803 1940 num

236 1980 704 2058 philosophorum
731 1980 1042 2057 principeS,
1071 1979 1475 2057 Pythagoram,
1505 1978 1805 2036 Democri·

232 2087 378 2149 tum,
434 2096 572 2134 num
625 2076 947 2149 Platonem,
1000 2096 1142 2135 num
1197 2076 1608 2148 Zenocratem‚
1663 2095 1802 2133 num

230 2184 435 2251 postea
485 2173 811 2246 Zenonem,
860 2173 1224 2245 Cleanthem,
1282 2182 1378 2230 aut
1431 2191 1583 2244 eum,
1633 2190 1801 2247 quem

234 2289 336 2327 vos
375 2269 549 2328 etiam
589 2269 798 2328 Romae
846 2269 1087 2342 vidistis,
1137 2269 1464 2345 Diogenem
1515 2268 1801 2339 Stoicum,
1830 2281 1894 2331 20

232 2366 432 2444 coegit
459 2366 520 2425 in
547 2366 668 2425 suis
707 2366 912 2424 studiis
938 2368 1338 2424 obmutescere
1379 2365 1686 2422 senectus?
1730 2382 1802 2421 an

236 2482 352 2521 non
395 2463 465 2520 in
520 2463 790 2521 omnibus
854 2440 928 2521 iis
993 2463 1311 2522 studiorum
1382 2460 1618 2538 agitatio
1670 2459 1802 2516 vitae

233 2557 469 2633 aequalis
496 2557 642 2617 fuit?

314 2653 464 2730 Age,
493 2664 556 2712 ut
595 2655 708 2713 ista
745 2654 942 2713 divina
978 2654 1168 2713 studia
1195 2652 1544 2723 omittamuS,
1571 2667 1803 2726 possum

235 2749 534 2809 nominare
587 2768 661 2808 ex
714 2770 853 2829 agro
907 2751 1128 2809 Sabino
1180 2748 1429 2808 rusticos
1482 2747 1801 2819 Romanos,
1831 2759 1896 2809 25

235 2846 459 2905 vicinos
505 2856 563 2904 et
610 2845 920 2906 familiares
966 2866 1147 2920 πιθοῦ,
1197 2846 1404 2922 quibus
1453 2841 1801 2916 absentibus,

235 2961 526 3019 nunquam
567 2942 687 3002 fere
727 2944 845 3003 ulla
883 2944 943 3003 in
986 2962 1125 3021 agro
1164 2943 1383 3019 majora
1421 2960 1597 3020 opera
1636 2944 1816 3015 fiunt,

234 3057 353 3100 non
391 3040 670 3113 serendis,
710 3058 831 3102 non
868 3039 1278 3119 percipiendis,
1319 3058 1438 3099 non
1482 3040 1803 3101 condendis

1603 3133 1638 3154 ῥ
