2192 3550
267 282 348 340 52
850 289 1027 335 CATO
1066 288 1300 347 namon,
1340 288 1466 341 sEU

366 439 546 510 debit,
578 448 674 496 aut
701 449 924 515 patrem
951 448 1117 498 tuum
1156 439 1420 511 Paulum,
1452 448 1548 496 aut
1587 437 1733 496 duos
1774 456 1931 514 avos,

365 536 607 595 Paulum
635 545 692 593 et
732 537 1096 608 Africanum,
1130 547 1228 594 aut
1255 535 1520 594 Africani
1557 545 1799 611 patrem,
1832 546 1933 594 aut

361 641 648 708 patruum,
681 641 776 689 aut
804 632 1014 690 multos
1052 643 1386 708 praestantes
1412 631 1582 705 viros,
1612 649 1755 706 quos
1795 649 1935 690 enu-

364 745 584 785 merare
612 746 729 784 non
758 737 846 785 est
885 746 1145 801 necesse,
1176 738 1335 785 tanta
1362 745 1489 784 esse
1517 737 1777 799 conatos,
1806 746 1934 803 quae

298 833 331 880 5
365 823 437 881 ad
461 824 813 899 posteritatis
839 825 1175 883 memoriam
1201 824 1572 901 pertinerent,
1596 823 1710 880 nisi
1738 823 1934 881 animo

364 930 688 994 cernerent,
742 921 1134 997 posteritatem
1192 920 1262 978 ad
1315 939 1377 976 se
1428 920 1732 996 pertinere.
1833 919 1935 977 An

363 1035 568 1075 censes
598 1016 689 1095 (ut
716 1018 790 1075 de
816 1037 910 1075 me
951 1018 1075 1094 ipso
1120 1016 1332 1091 aliquid
1371 1030 1534 1073 more
1572 1035 1774 1074 senum
1814 1015 1935 1093 glo·
2024 1068 2030 1081 ,

363 1113 504 1193 rier)
549 1133 643 1171 me
696 1123 886 1171 tantos
938 1114 1164 1170 labores
1217 1112 1453 1169 diurnos
1504 1122 1935 1188 nocturnosque

361 1208 520 1267 domi
561 1209 896 1283 militiaeque
938 1217 1345 1284 suscepturum
1374 1208 1570 1281 fuisse,
1625 1209 1676 1266 si
1728 1208 1934 1266 iisdem

266 1306 329 1355 m
360 1303 573 1362 finibus
612 1304 849 1380 gloriam
889 1323 1096 1377 meam,
1126 1305 1333 1381 quibus
1372 1305 1567 1376 vitam,
1597 1323 1783 1362 essem
1823 1315 1935 1362 ter-

357 1399 717 1458 minaturus?
796 1400 1011 1458 Nonne
1052 1401 1261 1459 melius
1301 1401 1483 1459 multo
1525 1401 1746 1473 fuisset,
1788 1400 1935 1459 otio-

359 1516 481 1555 sam
509 1505 734 1554 aetatem
760 1508 819 1554 et
846 1497 1117 1572 quietam,
1147 1498 1272 1555 sine
1301 1498 1420 1556 ullo
1459 1498 1658 1555 labore
1697 1506 1756 1554 et
1797 1515 1935 1557 con·

358 1594 639 1667 tentione,
706 1593 1047 1652 traducere?
1151 1594 1289 1667 Sed,
1357 1594 1558 1652 nescio
1624 1593 1932 1671 quomodo,

363 1691 608 1764 animus,
677 1690 905 1768 erigens
950 1709 1052 1764 -se,
1100 1691 1495 1767 posteritatem
1561 1709 1784 1767 semper
1851 1690 1935 1749 ita

267 1787 330 1839 15
359 1788 767 1866 prospiciebat,
797 1788 979 1864 quasi,
1010 1807 1145 1847 cnm
1186 1789 1529 1847 excessisset
1566 1807 1600 1846 e
1638 1788 1777 1861 vita,
1808 1797 1934 1846 tum

361 1886 611 1962 denique
635 1885 893 1942 victurus
919 1894 1086 1944 esset.
1168 1885 1352 1948 Quod
1379 1885 1612 1963 quidem
1639 1884 1702 1942 ni
1743 1884 1826 1942 ita
1870 1900 1935 1942 sc

361 1982 619 2053 haberet,
649 1990 712 2039 ut
743 1979 917 2038 animi
946 1981 1298 2040 immortales
1324 1990 1536 2053 essent,
1556 1981 1708 2040 haud
1730 1978 1933 2056 optimi

361 2078 638 2153 cujusque
666 2076 891 2134 animus
917 2078 1165 2136 maxime
1193 2077 1266 2135 ad
1294 2076 1783 2134 immortalitatem
1812 2074 1934 2152 glo-

359 2172 460 2232 riae
488 2171 784 2231 niteretur.
1677 2171 1682 2174 ’

264 2275 330 2325 20
436 2267 623 2341 Quid,
653 2269 808 2344 quod
835 2269 1291 2345 sapientissimus
1329 2268 1571 2345 quisque
1610 2265 1934 2344 aequissimo

363 2365 555 2423 animo
583 2365 842 2438 moritur,
873 2365 1246 2425 stultissimus
1272 2365 1632 2441 iniquissimo
1647 2366 1676 2422 ‘1
1717 2362 1935 2422 Nonne

356 2462 524 2520 vobis
548 2462 777 2520 videtur
806 2462 1032 2521 animus
1061 2462 1130 2534 is,
1159 2462 1257 2538 qui
1280 2462 1413 2537 plus
1440 2469 1640 2519 cernat
1667 2470 1727 2518 et
1751 2459 1936 2537 longi-

362 2577 450 2632 us,
474 2559 691 2632 videre,
721 2578 784 2617 se
828 2559 897 2617 ad
939 2559 1182 2617 meliora
1218 2557 1541 2634 proficisci3
1584 2557 1683 2615 ille
1724 2566 1934 2630 autem,

363 2656 529 2732 cujus
557 2657 814 2738 obtusior
842 2657 917 2713 sit
960 2656 1134 2731 acies,
1176 2674 1295 2712 non
1336 2654 1568 2712 videre?
1650 2653 1937 2730 Equidem

264 2754 331 2805 25
364 2752 571 2809 efferor
618 2751 812 2809 studio
857 2762 1049 2828 patres
1090 2761 1329 2822 vestrm,
1378 2769 1522 2825 quos
1564 2750 1721 2808 colui
1764 2760 1821 2807 et
1857 2748 1939 2805 di-

361 2847 496 2919 lexi,
525 2848 793 2905 videndi:
835 2866 1023 2923 neque
1068 2865 1206 2903 vero
1254 2865 1354 2903 eos
1398 2846 1584 2903 solum
1632 2843 1937 2905 convenire

365 2960 526 3014 avec,
555 2962 699 3019 quos
726 2943 848 3021 ipse
878 2943 1159 3021 cognovi3
1204 2943 1307 3001 sed
1334 2943 1463 3001 illos
1490 2943 1686 3015 etiam,
1716 2940 1790 2998 de
1817 2937 1939 3014 qui·

364 3038 474 3097 bus
526 3038 737 3114 audivi,
792 3050 852 3098 et
903 3039 1042 3119 legi,
1094 3050 1157 3098 et
1208 3039 1334 3118 ipse
1376 3037 1716 3115 conscripsi.
1796 3032 1938 3099 Quo
