2192 3550
304 305 402 366 78
710 320 1014 379 ‚mnus
1046 318 1193 369 ΘΝΕ
1230 319 1317 369 1>ss
1353 318 1663 367 Annona,

410 466 651 542 patriam
691 468 951 527 inventus
977 477 1062 527 est
1089 487 1294 527 nemo:
1346 450 1537 544 itaque
1577 475 1813 526 mortem
1854 464 1967 524 sihi

410 573 646 638 uterque
673 564 968 623 conscivit.

485 657 687 720 Quare
714 661 843 719 talis
871 661 1257 738 improborum
1284 658 1591 723 eonsensio
1633 678 1749 717 non
1791 659 1963 717 modo

407 757 776 815 exeusatione
806 758 1071 817 amicitiae
1100 757 1348 834 tegenda
1373 776 1490 817 non
1517 767 1622 828 est,
1647 757 1746 817 sed
1773 755 1962 831 potius

336 861 376 911 δ
407 853 564 910 omni
591 855 872 931 supplicio
899 855 1277 924 vindicanda3
1320 864 1384 912 ut
1411 873 1483 912 ne
1521 853 1648 928 quis
1688 853 1797 909 sibi
1826 870 1963 909 eon-

400 966 629 1008 cessum
666 961 846 1026 putet,
890 952 1156 1022 amicum,
1198 951 1284 1007 vel
1326 950 1537 1008 bellum
1578 949 1774 1024 patriae
1820 948 1962 1004 infe-

398 1055 643 1118 rentem,
672 1048 863 1122 sequi:
907 1047 1059 1122 quod
1095 1046 1345 1121 quidem,
1393 1056 1454 1102 ut
1495 1065 1584 1102 res
1628 1044 1803 1119 ooepit
1839 1044 1957 1115 ire,

398 1139 555 1200 haud
592 1143 734 1214 seio,
779 1161 849 1199 an
881 1140 1187 1215 aliquando
1231 1140 1482 1199 futurum
1512 1141 1601 1197 sit.
1684 1140 1833 1203 Mihi
1863 1158 1962 1197 au-

398 1244 517 1293 tem
577 1255 695 1293 non
754 1236 961 1294 minori
1015 1254 1167 1292 eurae
1217 1245 1322 1305 est,
1386 1235 1568 1310 qualis
1636 1235 1962 1310 respublica

305 1339 368 1390 10
394 1340 525 1406 post
551 1341 790 1388 mortem
818 1348 1002 1387 meam
1043 1331 1235 1387 futura
1276 1330 1369 1401 sit,
1413 1348 1582 1404 quam
1628 1330 1809 1404 qualis
1856 1330 1960 1387 ho-

392 1425 489 1483 die
515 1425 605 1483 sit.
1406 1446 1409 1450 ’

471 1616 641 1676 ΧΙΠ.
685 1617 832 1677 Haee
860 1618 1033 1695 igitur
1059 1617 1245 1693 prima
1283 1617 1375 1674 lex
1416 1616 1685 1676 amicitias
1733 1618 1959 1676 sancia-

393 1724 505 1788 tur,
560 1726 623 1774 ut
667 1718 736 1774 ab
785 1715 982 1773 amieis
1022 1716 1265 1774 honesta
1308 1724 1588 1790 petamus,
1640 1716 1957 1774 amicorum

316 1823 319 1828 '
392 1812 570 1871 causa
590 1814 831 1870 honesta
851 1813 1129 1869 faciamus
1150 1832 1162 1868 :
1192 1831 1266 1872 ne
1286 1823 1681 1887 exspectemus
1699 1813 1953 1888 quidem,

303 1917 365 1966 15
390 1908 531 1965 dum
558 1928 824 1984 rogemur
848 1929 861 1966 z
904 1909 1155 1965 studium
1184 1926 1405 1982 semper
1436 1909 1615 1978 adsit3
1660 1909 1955 1966 cunetatio

394 2004 556 2061 absit.
639 2004 960 2061 Consilium
1002 2023 1135 2061 vero
1179 2005 1315 2060 dare
1357 2006 1708 2080 gaudeamus
1739 2005 1952 2062 libere:

392 2098 699 2173 plurimum
762 2100 820 2155 in
879 2099 1131 2156 amicitia
1175 2100 1487 2157 amicorum
1529 2101 1674 2156 bene
1714 2100 1957 2157 suaden-

392 2192 538 2248 tium
565 2193 748 2249 valeat
793 2194 1140 2249 auctoritas:
1186 2213 1366 2268 eaque
1401 2203 1473 2260 ¹et
1518 2193 1849 2249 adhibeatur
1879 2196 1960 2250 ad

393 2287 761 2358 monendum,
788 2306 905 2344 non
937 2289 1107 2345 modo
1138 2288 1348 2364 aperte,
1392 2289 1492 2344 sed
1519 2288 1694 2343 etiam
1724 2287 1953 2362 aeriter,

301 2387 365 2437 20
392 2382 443 2441 si
470 2402 560 2442 res
584 2383 927 2457 postulabit3
971 2394 1027 2440 et
1053 2386 1319 2441 adhibitae
1339 2393 1620 2458 pareatur.

470 2479 530 2535 N
536 2497 625 2536 am
652 2479 1009 2553 quibusdam,
1038 2499 1181 2555 quos
1211 2480 1381 2538 audio
1409 2479 1695 2552 sapientes
1722 2480 1952 2550 habitos

395 2574 457 2633 in
483 2574 731 2645 Graecia,
772 2574 1055 2649 placuisse
1104 2576 1307 2650 opinor
1354 2574 1641 2633 mirabilia
1686 2578 1950 2651 quaedam

397 2668 526 2746 (sed
552 2669 694 2726 nihil
723 2679 828 2741 est,
852 2672 1003 2745 quod
1033 2672 1115 2728 illi
1142 2689 1258 2727 non
1286 2682 1694 2744 persequantur
1723 2674 1842 2731 suis
1871 2694 1956 2731 ar-

395 2765 632 2844 gutiis):
673 2767 879 2841 partim
923 2766 1222 2843 fugiendas
1249 2784 1375 2824 &sse
1417 2766 1623 2825 nimias
1653 2770 1951 2842 amicitiam,

301 2880 367 2932 25
395 2880 470 2918 ne
495 2879 733 2919 neeesse
760 2862 834 2919 sit
861 2881 1038 2919 unum
1066 2862 1375 2919 sollicitum
1397 2883 1522 2922 esse
1542 2885 1645 2941 pro
1665 2867 1952 2942 pluribus:

392 2956 534 3015 satis
561 2976 840 3035 superque
868 2976 992 3015 esse
1021 2977 1253 3015 suarum
1295 2960 1502 3036 cuique
1549 2977 1778 3021 rerum:
1822 2961 1957 3019 ulie-

382 3052 489 3114 nis
508 3053 684 3133 nimis
709 3053 990 3132 implicari
1026 3053 1336 3116 ,molestum
1362 3076 1522 3120 esse:
1564 3058 1955 3120 commodissi-
