2192 3550
295 304 376 365 60
695 314 969 374 Lamus,
1005 314 1155 362 s1vs
1194 315 1281 362 m:
1326 315 1639 363 mom

384 480 504 523 non
524 480 668 541 egeo
688 462 978 521 medicina
1000 483 1014 521 t
1055 482 1151 521 me
1179 463 1299 540 ipse
1321 464 1610 537 consolor,
1632 473 1693 523 et
1712 464 1963 524 maxime

385 561 485 619 illo
512 560 737 633 solatio,
759 560 915 636 quod
942 578 1014 618 eo
1040 579 1237 619 errore
1265 578 1455 635 careo,
1479 581 1613 638 quo,
1639 563 1958 621 amicorum

384 657 645 729 decessu,
673 657 929 733 plerique
966 658 1100 736 angi
1138 659 1342 718 solent.
1422 659 1587 717 Nihil
1625 659 1780 716 enim
1817 657 1958 715 mali

385 754 667 811 accidisse
714 755 978 830 Scipioni
1023 766 1199 831 puto:
1246 757 1390 814 mihi
1437 756 1668 826 accidit,
1716 753 1766 811 si
1813 752 1956 828 quid

321 856 354 906 5
386 850 617 908 accidit.
698 851 834 909 Suis
876 864 1065 911 autem
1108 853 1490 911 incommodis
1521 849 1766 928 graviter
1795 849 1955 927 angi,

381 965 500 1004 non
531 948 800 1021 amicum,
828 949 928 1007 sed
960 950 1211 1026 seipsum
1242 949 1483 1007 amantis
1510 956 1613 1003 est.

460 1044 611 1102 Cum
639 1045 738 1103 illo
764 1065 900 1104 vero
930 1047 1054 1122 quis
1082 1055 1255 1124 neget
1284 1055 1472 1102 actum
1495 1061 1620 1099 esse
1638 1042 1955 1118 praeclare?

381 1139 516 1199 Nisi
543 1143 699 1200 enirn
730 1142 911 1220 (quod
938 1143 1033 1200 ille
1061 1141 1297 1198 minime
1323 1140 1587 1218 putabat)
1619 1139 1957 1197 immortali-

381 1246 557 1295 tatem
600 1249 797 1314 optare
831 1239 1017 1309 vellet,
1047 1237 1186 1311 quid
1225 1253 1341 1293 non
1382 1244 1469 1291 est
1510 1235 1767 1311 adeptae,
1796 1236 1951 1312 quod

290 1339 352 1390 10
382 1333 602 1391 homini
632 1334 715 1392 fas
743 1343 892 1391 esset
919 1333 1150 1407 optare?
1191 1331 1287 1405 qui
1316 1349 1596 1387 summam
1625 1350 1784 1406 spem
1812 1331 1952 1389 civi-

379 1448 497 1502 um,
527 1450 693 1506 quam
737 1431 808 1486 de
847 1447 917 1484 eo
950 1428 1068 1502 jam
1095 1444 1275 1501 puero
1304 1426 1639 1498 habuerant,
1670 1427 1955 1485 continuo

381 1526 715 1583 adolescens
743 1521 1068 1581 incredibili
1089 1522 1298 1579 virtute
1325 1523 1641 1597 superavit:
1685 1524 1784 1598 qui
1812 1542 1952 1581 con*

379 1622 624 1679 sulatum
651 1619 850 1695 petivit
882 1636 1193 1691 nunquam,
1223 1617 1409 1676 sactus
1449 1629 1537 1676 est
1577 1620 1780 1677 consul
1822 1619 1945 1677 bis:

377 1717 623 1795 primum
654 1725 783 1774 ante
811 1724 1064 1790 tempus;
1111 1714 1317 1773 iterum
1357 1715 1487 1788 sibi,
1517 1734 1624 1774 suo
1650 1726 1947 1793 tempore3

288 1828 349 1876 15
378 1814 726 1889 reipublicae,
748 1830 910 1887 paene
939 1831 1097 1869 sero:
1141 1813 1257 1888 qui,
1280 1814 1503 1871 duabus
1530 1814 1767 1872 urbibus
1794 1833 1951 1873 ever·

378 1910 475 1980 sis,
506 1907 915 1980 inimicissimis
955 1909 1094 1968 huic
1135 1910 1396 1985 imperio,
1434 1929 1553 1969 non
1592 1912 1766 1970 modo
1805 1930 1947 1987 prae-

377 2004 578 2073 sentia,
609 2022 804 2059 verum
841 2005 1015 2061 etiam
1056 2004 1250 2063 sutura
1285 2006 1435 2062 bella
1473 2007 1699 2064 delevit.
1779 2006 1944 2067 Quid

376 2098 565 2156 dicam
607 2099 679 2156 de
718 2101 976 2158 moribus
1019 2101 1347 2159 facillimis?
1388 2102 1461 2159 de
1499 2102 1713 2176 pietate
1741 2102 1802 2159 in
1828 2121 1945 2159 rna-

375 2197 561 2252 trem'l
601 2196 945 2254 liberalitate
987 2197 1044 2253 in
1087 2200 1352 2255 sorores?
1394 2196 1649 2254 bonitate
1679 2197 1739 2253 in
1767 2199 1946 2254 suos?

281 2308 345 2357 20
368 2291 590 2368 justitia
612 2292 671 2349 in
692 2293 933 2351 omnes?
973 2303 1113 2350 nota
1132 2302 1267 2350 sunt
1287 2293 1464 2349 vobis.
1529 2291 1727 2353 Quam
1753 2302 1941 2349 autem

374 2388 592 2446 civitati
616 2409 784 2447 carus
802 2389 991 2462 suerit,
1005 2408 1248 2447 moerore
1266 2389 1482 2447 funeris
1500 2388 1815 2446 indicatum
1835 2400 1940 2447 est.

371 2486 535 2548 Quid
576 2486 750 2563 igitur
792 2487 949 2543 hunc
986 2505 1306 2562 paucorum
1354 2503 1634 2543 annorum
1683 2486 1945 2544 accessio

366 2583 564 2660 juvare
596 2583 916 2659 potuisset?
998 2584 1283 2639 Senectus
1322 2582 1497 2653 enim,
1526 2583 1783 2657 quamvis
1820 2600 1940 2640 non
2007 2653 2018 2658 ι

372 2680 446 2737 sit
472 2679 679 2757 gravis,
711 2678 804 2756 (ut
831 2679 1066 2736 memini
1095 2678 1399 2749 Catonem,
1429 2696 1582 2734 anno
1611 2688 1743 2736 ante
1771 2697 1940 2754 quam

279 2778 345 2856 25
372 2786 630 2834 mortuus
655 2785 762 2846 est,
791 2794 1020 2833 mecum
1058 2785 1119 2832 et
1159 2792 1294 2832 cum
1326 2774 1602 2849 Scipione
1629 2775 1936 2853 disserere)

370 2882 564 2930 tamen
606 2872 789 2930 aufert
827 2890 954 2930 eam
986 2871 1353 2945 viriditatem,
1381 2872 1442 2929 in
1476 2871 1589 2947 qua
1625 2872 1938 2930 etiammm

370 2978 495 3027 erat
523 2969 740 3045 Scipio.

445 3064 845 3127 Quamobrem
866 3065 984 3124 vita
1005 3065 1240 3142 quidem
1265 3064 1397 3126 talis
1423 3065 1551 3139 fuit,
1571 3064 1661 3124 vel
1688 3060 1939 3136 fortuna,
