2192 3550
298 266 380 328 3⁰
877 278 1054 328 cmo
1089 281 1321 343 mon,
1358 281 1484 331 sm]

388 437 567 501 ceret,
607 436 671 485 ut
710 426 771 485 id
824 446 944 487 non
997 429 1224 505 liberet,
1277 431 1430 507 quod
1483 449 1601 490 non
1653 443 1952 507 oporteret.

385 523 635 599 Impedit
673 524 830 582 enim
858 527 1167 585 consilium
1193 528 1471 605 voluptas,
1513 528 1723 586 rationi
1765 529 1957 598 inimie

385 639 483 690 ca3
516 639 584 678 ac
611 622 821 679 mentis
851 619 943 699 (ut
971 623 1052 681 ita
1078 624 1298 705 dicam)
1346 624 1694 700 praestringit
1720 626 1951 696 oculos3

382 734 492 774 nec
521 718 695 776 habet
721 719 900 776 ullum
941 738 1074 776 cum
1104 720 1311 778 virtute
1348 721 1777 779 commercium.
1858 722 1954 779 In-

319 827 353 877 5
381 813 531 872 vitus
557 815 789 891 quidem
817 815 951 888 feci,
981 825 1044 873 ut
1072 815 1367 875 fortissimi
1395 816 1501 873 viri
1530 816 1604 875 T.
1637 817 1950 876 Flaminini

381 910 632 986 fratrem,
688 908 754 971 L.
824 912 1235 995 Flamininum,
1291 931 1324 968 e
1391 922 1593 971 senatu
1660 914 1949 989 ejicerem,

382 1019 603 1085 septem
673 1009 839 1067 annis
903 1018 1205 1085 postquam
1272 1009 1475 1067 consul
1544 1010 1777 1068 fuisset:
1847 1010 1950 1068 sed

378 1106 690 1164 notandam
742 1105 938 1180 putavi
990 1104 1308 1162 libidinem.
1419 1103 1527 1163 Ille
1580 1106 1757 1178 enim,
1814 1125 1949 1165 cum

376 1211 527 1258 esset
568 1200 790 1273 consul,
833 1201 892 1258 in
933 1200 1125 1259 Gallia
1179 1210 1447 1259 exoratus
1486 1202 1546 1260 in
1601 1204 1863 1263 convivio
1916 1222 1951 1261 a

287 1296 349 1346 10
376 1305 566 1355 scorto
606 1306 712 1368 est,
754 1306 818 1353 ut
855 1297 1047 1354 securi
1086 1297 1282 1355 feriret
1323 1297 1565 1373 aliquem
1604 1317 1820 1371 eorum,
1850 1300 1950 1375 qui

377 1392 436 1450 in
477 1392 723 1451 vinculis
762 1403 975 1465 essent,
1017 1393 1273 1451 damnati
1321 1394 1406 1451 rei
1446 1394 1722 1470 capitalis.
1806 1395 1946 1467 Hic,

376 1488 535 1561 Tito,
566 1489 738 1547 fratre
764 1508 889 1560 suo,
920 1508 1182 1561 censore,
1214 1488 1339 1567 (qui
1377 1492 1669 1565 proximus
1697 1500 1827 1548 ante
1856 1509 1949 1549 me

377 1584 585 1664 fuerat)
629 1584 856 1660 elapsus
896 1596 1016 1644 est:
1059 1586 1202 1643 mihi
1241 1605 1376 1644 vero
1418 1596 1476 1643 et
1515 1586 1730 1644 Flacco
1765 1588 1950 1647 neuti-

374 1700 544 1756 quam
569 1682 800 1756 probari
825 1683 1014 1759 potuit
1040 1692 1158 1740 tam
1180 1681 1467 1760 flagitiosa
1493 1692 1552 1739 et
1578 1692 1694 1741 tam
1722 1684 1950 1759 perdita

285 1788 346 1835 15
374 1778 572 1850 libido,
614 1800 741 1856 quae
782 1800 915 1839 cum
942 1782 1154 1857 probro
1180 1782 1402 1858 privato
1443 1781 1818 1858 conjungeret
1846 1782 1949 1839 im-

371 1875 517 1950 perii
545 1876 816 1936 dedecus.

450 2066 621 2126 XIII.
707 2069 873 2144 Saepe
915 2068 1106 2126 audivi
1148 2088 1181 2126 a
1222 2068 1531 2144 majoribus
1571 2078 1728 2140 natu,
1758 2070 1855 2144 qui
1883 2087 1946 2126 se

371 2181 544 2238 porro
581 2182 792 2239 pueros
835 2184 868 2221 a
895 2165 1129 2221 senibus
1173 2164 1400 2221 audisse
1428 2164 1720 2235 dicebant,
1751 2167 1944 2224 mirari

277 2270 343 2320 20
373 2259 604 2317 solitum
645 2260 713 2317 C.
756 2259 1112 2332 Fabricium,
1156 2260 1328 2336 quod,
1373 2278 1507 2318 cum
1550 2261 1696 2335 apud
1746 2280 1943 2338 regem

372 2355 654 2432 Pyrrhum
718 2356 943 2433 legatus
1008 2367 1181 2428 esset,
1239 2355 1491 2417 audisset
1560 2377 1594 2415 a
1657 2357 1944 2416 Thessalo

373 2451 579 2525 Cinea,
606 2472 736 2510 esse
762 2454 1064 2528 quemdam
1093 2454 1362 2525 Athenis,
1392 2453 1488 2530 qui
1525 2473 1586 2510 se
1627 2453 1944 2529 sapientem

370 2550 758 2624 profiteretur;
800 2569 1047 2626 eumque
1076 2550 1290 2621 dicere,
1323 2551 1534 2621 omnia,
1564 2570 1688 2625 quae
1732 2551 1945 2609 facere-

372 2665 519 2717 mus,
552 2646 621 2703 ad
651 2646 994 2721 voluptatem
1036 2666 1162 2704 esse
1203 2647 1536 2704 referenda:
1581 2649 1732 2722 quod
1761 2667 1832 2705 ex
1871 2665 1943 2704 eo

276 2741 342 2792 2⁵
374 2742 689 2813 audienteS‚
713 2740 795 2799 Μ’
817 2742 1059 2801 Curium
1086 2753 1146 2800 et
1173 2743 1269 2801 Ti.
1291 2743 1723 2802 Coruncanium
1746 2753 1943 2819 optase

371 2838 589 2910 solitOS,
619 2849 682 2897 ut
720 2839 780 2897 id
822 2840 1177 2897 Samnitibus
1217 2840 1439 2916 ipsique
1468 2841 1688 2916 Pyrrho
1714 2858 1943 2917 persua-

264 2981 271 2990 ,
370 2933 634 3007 deretur;
702 2955 816 3012 quo
872 2936 1101 2994 facilius
1155 2936 1310 2995 vinci
1378 2947 1634 3014 possent,
1691 2956 1824 2996 cum
1879 2954 1943 2993 se

369 3031 755 3109 voluptatibus
781 3025 1090 3093 dedissent.
1174 3034 1414 3094 vixerat
1453 3034 1536 3094 Μ’
1558 3034 1770 3095 Curius
1807 3052 1944 3093 cum
2005 3083 2012 3096 .
