2192 3550
294 315 376 375 86
695 324 970 385 muns,
1005 324 1156 373 srvi-3
1195 324 1283 374 nt:
1326 325 1637 374 morra,

384 475 499 553 est)
532 472 602 531 ad
642 472 953 531 tollendam
985 472 1298 535 amicitiam
1326 474 1491 533 valet.
1572 471 1725 532 Illud
1762 471 1963 549 potius

381 569 829 647 praecipiendum
871 569 1004 642 suit,
1028 579 1091 628 ut
1117 588 1247 627 eam
1274 569 1631 647 diligentiam
1661 564 1979 653 adhibere*

383 684 510 723 mus
576 665 637 722 in
706 665 975 724 amicitiis
1040 666 1463 743 comparandis,
1520 676 1585 725 ut
1649 665 1960 741 nequando

383 779 574 818 amare
615 761 999 837 inciperemus
1038 782 1192 835 eum,
1222 782 1393 838 quem
1436 763 1737 839 aliquando
1762 762 1960 820 odisse

319 865 355 914 5
379 874 692 933 possemus.
773 858 1137 931 Quinetiam,
1182 859 1232 917 si
1260 860 1450 918 minus
1478 859 1676 917 felices
1715 859 1776 917 in
1816 857 1960 923 deli-

379 954 571 1031 gendo
632 955 954 1028 fuissemus,
1011 955 1309 1014 ferendum
1363 955 1424 1013 id
1489 955 1690 1031 Scipio
1739 954 1955 1031 potius,

380 1068 550 1125 quam
618 1051 1053 1111 inimicitiarum
1117 1061 1343 1127 tempus
1409 1051 1800 1129 cogitandum,
1848 1067 1959 1126 pu-

380 1148 553 1206 tabat.

457 1340 656 1400 XVII.
701 1342 813 1400 His
842 1341 1014 1419 igitur
1039 1338 1250 1396 finibus
1276 1338 1554 1395 utendum
1585 1337 1842 1410 arbitror,
1864 1348 1954 1412 ut,

288 1448 351 1498 10
378 1455 514 1495 eum
559 1439 846 1496 emendati
900 1453 1087 1492 mores
1143 1433 1458 1490 amicorum
1511 1433 1644 1505 sint,
1699 1442 1821 1492 tum
1876 1435 1956 1493 sit

379 1533 527 1591 inter
567 1553 668 1591 eos
707 1532 961 1590 omnium
1001 1547 1215 1600 rerum,
1257 1527 1651 1601 consiliorum,
1693 1528 1955 1588 volunta-

376 1639 521 1701 tum,
540 1630 663 1686 sine
691 1627 809 1684 ulla
830 1625 1190 1701 exceptione,
1214 1624 1598 1682 communitas
1611 1645 1626 1696 ;
1669 1634 1753 1697 ut,
1775 1624 1949 1683 etiam

377 1725 428 1784 si
455 1725 567 1801 qua
607 1722 837 1781 fortunii
880 1721 1178 1794 acciderit,
1209 1731 1272 1780 ut
1312 1720 1504 1780 minus
1540 1720 1708 1799 justae
1739 1721 1950 1780 amico-

377 1840 504 1879 rum
533 1819 853 1877 voluntates
894 1820 1227 1896 adjuvandae
1261 1820 1395 1891 sint,
1422 1818 1486 1878 in
1513 1820 1723 1895 quibus
1748 1837 1948 1877 eorum

287 1928 476 1981 15·aut
514 1925 684 1990 caput
726 1927 925 1994 agatur
968 1927 1064 1974 aut
1107 1917 1276 1988 fama,
1315 1916 1721 1975 declinandum
1763 1917 1837 1975 sit
1874 1915 1947 1972 de

375 2013 488 2083 vid,
530 2012 703 2069 modo
742 2031 817 2069 ne
856 2031 1081 2070 summa
1134 2013 1428 2088 turpitudo
1475 2024 1760 2088 sequatur.
1834 2011 1948 2076 ,Est

376 2107 550 2178 enim,
579 2108 861 2183 quatenus
890 2108 1159 2166 amicitiae
1187 2109 1312 2167 dari
1343 2110 1511 2170 venia
1533 2109 1733 2185 possit.
1812 2107 1947 2166 Nec

373 2221 509 2260 vero
549 2204 896 2281 negligenda
934 2214 1021 2261 est
1063 2205 1247 2263 fama:
1289 2225 1402 2263 nec
1442 2205 1732 2263 mediocre
1766 2203 1945 2261 telum

375 2299 447 2356 ad
473 2317 566 2357 res
594 2302 874 2377 gerendas
899 2301 1229 2359 existimare
1247 2311 1468 2379 oportet
1491 2298 1945 2357 benevolentiam

281 2408 345 2459 20
374 2396 586 2454 civium
604 2418 617 2468 ;
661 2416 831 2472 quam
858 2398 1149 2456 blanditiis
1186 2409 1247 2456 et
1278 2395 1630 2456 assentando
1671 2394 1944 2472 colligere

370 2502 537 2568 turpe
564 2504 667 2551 est.
735 2493 953 2567 Virtus,
977 2514 1149 2570 quam
1177 2495 1432 2571 sequitur
1454 2491 1682 2564 caritas,
1705 2491 1942 2551 minime

370 2590 727 2665 repudianda
753 2600 855 2649 est.

450 2687 569 2744 Sed
608 2706 758 2761 saepe
788 2684 1029 2762 (etenim
1069 2687 1243 2744 redeo
1283 2686 1353 2742 ad
1395 2683 1750 2760 Scipionem,
1780 2683 1942 2761 cujus

371 2783 560 2840 omnis
600 2801 786 2840 sermo
812 2793 935 2840 erat
975 2784 1048 2840 de
1079 2781 1361 2861 amicitia)
1395 2782 1758 2856 querebatur,
1788 2780 1940 2855 quod

278 2877 343 2928 25
369 2878 636 2935 omnibus
665 2877 723 2934 in
760 2879 931 2935 rebus
973 2877 1238 2934 homines
1277 2876 1673 2955 diligentiores
1712 2884 1936 2945 essent3

369 2984 434 3032 ut
476 2993 677 3051 capras
716 2984 775 3033 et
817 2993 953 3031 oves
995 2983 1135 3048 quot
1178 2973 1420 3049 quisque
1462 2974 1717 3045 haberet,
1745 2973 1938 3029 dicere

367 3082 594 3147 posset3
639 3071 853 3131 amicos
880 3079 1019 3145 quot
1046 3069 1305 3144 haberet,
1333 3090 1452 3131 non
1490 3079 1685 3148 posset
1710 3069 1934 3127 dicere:
