2192 3550
350 275 424 335 10
927 293 1104 341 cuo
1142 295 1374 355 mon,
1413 295 1540 344 SEU

435 447 719 511 naturam,
742 438 1017 515 optimam
1035 441 1266 516 ducem,
1284 452 1576 519 tamquam
1592 441 1805 515 Deum,
1823 444 2010 519 sequi-

432 552 579 605 mur,
621 534 791 610 eique
829 555 1130 611 paremus:
1174 557 1209 596 a
1234 539 1367 614 qua,
1404 557 1525 597 non
1552 538 1861 598 verisimile
1900 546 2007 613 est,

433 647 569 687 cum
616 640 839 689 caeterae
880 641 1071 707 partes
1110 635 1293 691 aetatis
1329 636 1479 692 bene
1522 634 1824 711 descriptas
1872 635 2006 708 sint,

433 735 751 784 extremum
781 737 994 801 actum,
1023 738 1317 805 tamquam
1346 731 1418 787 ab
1459 730 1630 788 inerti
1654 731 1852 807 poetri,
1881 749 2008 789 esse

373 835 407 884 5
433 821 780 897 neglectum.
864 825 983 882 Sed
1009 834 1204 882 tamen
1231 844 1472 884 necesse
1501 826 1611 884 fuit
1637 846 1763 885 esse
1792 827 2009 903 aliquid

432 927 770 991 extremum,
799 929 876 992 et,
904 930 1197 996 tamquam
1237 920 1299 978 in
1342 923 1609 980 arborum
1649 922 1868 995 baccis,
1896 932 2009 981 ter·

433 1031 630 1089 raeque
699 1015 980 1093 frugibus,
1048 1017 1378 1075 maturitate
1438 1018 1778 1095 tempestiva
1843 1018 2007 1094 quasi

352 1170 359 1179 ,
430 1110 647 1168 vietum
676 1121 734 1168 et
762 1111 1083 1170 caducum:
1128 1113 1282 1187 quod
1314 1113 1616 1173 ferendum
1642 1124 1730 1172 est
1756 1113 2005 1173 molliter

433 1206 695 1281 sapienti.
774 1206 942 1268 Quid
969 1208 1127 1265 enim
1154 1218 1242 1267 est
1283 1209 1459 1282 aliud,
1487 1209 1789 1287 gigantum
1829 1210 2005 1269 modo

342 1304 405 1353 10
433 1302 647 1360 bellare
676 1321 811 1360 cum
837 1304 987 1376 Diis,
1015 1304 1131 1362 nisi
1156 1315 1375 1362 naturae
1404 1308 1767 1383 repugnare?

510 1398 748 1457 Loelius.
829 1399 1032 1474 Atqui,
1061 1400 1232 1473 Cat0,
1262 1401 1651 1478 gratissimum
1692 1401 1880 1473 nobis,
1912 1400 2005 1479 (ut

433 1493 607 1553 etiam
625 1513 732 1570 pro
754 1494 1030 1571 Scipione
1054 1495 1361 1577 pollicear)
1385 1496 1613 1570 feceriS,
1636 1496 1707 1569 si,
1731 1497 2004 1572 quoniam

430 1609 746 1666 speramus,
793 1590 1084 1669 (volumus
1128 1591 1360 1667 quidem
1409 1591 1594 1672 certe)
1644 1610 1812 1650 senes
1857 1591 2002 1665 fieri,

435 1694 567 1744 ante
593 1685 775 1743 multo
805 1704 840 1743 a
863 1695 922 1743 te
949 1686 1343 1760 didicerimus,
1374 1687 1582 1763 quibus
1609 1687 1882 1746 facillime
1918 1706 2006 1747 ra·-

342 1791 404 1842 15
432 1782 689 1841 tionibus
715 1782 1209 1859 ingravescentem
1238 1794 1462 1843 aetatem
1485 1783 1633 1842 ferre
1659 1784 1962 1860 possimus.

516 1879 676 1937 Cato.
759 1878 999 1937 Faciam
1039 1899 1194 1953 vero,
1224 1879 1368 1938 Laeli
1385 1900 1400 1951 3
1440 1880 1761 1956 praesertim
1788 1880 1838 1938 si
1865 1879 2005 1938 utri·

431 1993 544 2050 que
570 1974 841 2047 vestrfim,
869 1984 935 2032 ut
961 1975 1129 2048 dicis,
1158 1985 1385 2052 gratum
1413 1974 1668 2033 futurum
1695 1985 1798 2033 est.

507 2069 720 2147 Scipio.
803 2070 1089 2128 Volumus
1142 2089 1301 2142 sane,
1356 2069 1470 2127 nisi
1522 2071 1828 2128 molestum
1895 2080 2003 2143 est,

431 2166 599 2238 Cato,
628 2175 920 2242 tamquam
949 2166 1199 2241 aliquam
1218 2164 1370 2224 viam
1397 2165 1632 2243 longam
1660 2166 2003 2240 confeceris,

336 2276 402 2327 20
430 2281 601 2337 quam
641 2263 810 2321 nobis
836 2281 1066 2338 quoque
1093 2262 1538 2339 ingrediendum
1564 2262 1658 2335 sit,
1687 2261 1860 2336 istuc,
1890 2282 2005 2339 quo

427 2359 758 2436 pervenisti,
785 2359 1000 2431 videre,
1031 2359 1200 2434 quale
1228 2358 1319 2417 sit.

504 2550 614 2610 111.
703 2552 863 2610 Cato.
947 2552 1206 2626 Faciam,
1236 2561 1301 2610 ut
1336 2562 1560 2628 potere,
1590 2551 1750 2611 Laeli.
1835 2554 2004 2628 Saepe

427 2648 584 2707 enim
612 2647 845 2706 interfui
873 2649 1120 2723 querelis
1159 2667 1420 2706 meorum
1451 2648 1777 2724 aequalium,
1809 2646 2004 2725 (pares

431 2756 621 2803 autem
670 2763 805 2802 cum
842 2744 1097 2820 paribus,
1141 2745 1320 2802 veteri
1359 2744 1683 2822 proverbio,
1727 2742 2003 2801 facillime

337 2855 402 2906 25
430 2841 904 2921 congregantur,)
936 2860 1062 2916 quae
1105 2840 1173 2900 C.
1205 2841 1509 2913 Salinator,
1540 2860 1666 2916 quae
1709 2840 1808 2915 Sp.
1837 2837 2006 2895 Albi-

427 2955 557 3010 nus,
612 2936 874 2996 homines
929 2937 1280 3009 consulares,
1335 2936 1519 2996 nostri
1573 2935 1693 2994 fere
1733 2932 2001 3007 aequales,

427 3033 727 3113 deplorare
766 3033 1058 3107 solebant3
1107 3044 1233 3093 tum
1280 3034 1435 3110 quod
1480 3028 1869 3109 voluptatibus
1907 3046 2006 3087 ca-
