2192 3550
536 325 809 384 mune,
850 323 998 371 sna-3
1041 320 1130 370 nn
1157 322 1470 370 mem.
1727 340 1733 344 ·
1793 314 1872 373 81

227 474 433 533 virtute
475 474 734 551 praedito,
777 492 870 547 ec,
912 473 1010 551 qui
1047 472 1138 531 vel
1186 491 1395 546 amare,
1438 471 1528 530 vel
1576 471 1668 549 (ut
1704 471 1789 530 ita

225 571 443 651 dicam)
472 572 767 630 redamare
810 570 1010 647 possit,
1049 588 1169 628 non
1210 570 1514 635 admodum
1541 568 1788 627 delecta-

110 696 119 703 ·
225 667 313 726 ri?
391 667 451 726 N
456 668 563 726 ihil,
577 678 663 726 est
690 667 846 725 enim
868 666 1329 725 remuneratione
1349 665 1781 738 benevolentiae,

222 764 365 823 nihil
407 763 802 823 vicissitudine
843 762 1162 823 studiorum
1211 762 1660 837 officiorumque,
1695 761 1785 838 ju-

222 860 485 919 cundiuS.
1812 877 1846 925 5

298 955 481 1018 Quod
508 956 558 1013 si
585 955 759 1013 etiam
785 954 929 1013 illud
956 954 1237 1027 addimus,
1278 954 1432 1029 quod
1458 963 1616 1012 recte
1645 953 1778 1012 addi

220 1061 429 1128 potest,
457 1050 602 1109 nihil
630 1069 776 1122 esse,
797 1051 949 1127 quod
978 1051 1049 1109 ad
1071 1069 1137 1108 se
1163 1069 1287 1108 rem
1314 1050 1489 1108 ullam
1516 1059 1634 1107 tam
1663 1049 1782 1107 alli-

220 1147 342 1205 ciat
367 1156 426 1204 et
452 1157 569 1205 tam
599 1147 862 1219 attrahat,
889 1166 1060 1223 quam
1080 1147 1152 1205 ad
1181 1146 1493 1205 amicitiam
1521 1146 1783 1204 similitu-

222 1240 298 1299 do
314 1262 335 1313 ¹;
377 1242 722 1301 concedetur
759 1244 1036 1320 profecto,
1081 1262 1276 1302 verum
1302 1261 1448 1315 esse,
1492 1252 1557 1301 ut
1599 1243 1782 1300 bonos

221 1337 359 1397 boni
386 1338 647 1417 diligant,
691 1339 1127 1415 admiscentque
1171 1340 1301 1412 sibi,
1346 1339 1507 1416 quasi
1552 1338 1782 1415 propin·
1812 1357 1874 1406 10

219 1434 434 1509 quitate
462 1435 803 1512 conjunctos
825 1446 993 1511 atque
1018 1436 1243 1495 natura.
1322 1436 1487 1493 Nihil
1516 1444 1602 1493 est
1619 1435 1778 1494 enim

219 1532 577 1606 appetentius
615 1533 886 1591 similium
940 1533 1051 1604 sui,
1097 1532 1241 1590 nihil
1281 1532 1566 1608 rapacius,
1608 1549 1780 1607 quam

217 1635 440 1684 natura.
545 1625 940 1707 Quamobrem
1005 1626 1121 1683 hoc
1179 1625 1429 1701 quidem,
1477 1625 1666 1683 Fanni
1720 1634 1780 1682 et

218 1720 497 1793 Scaevola,
526 1730 770 1793 constat,
803 1720 894 1799 (ut
920 1721 1152 1801 opinor)
1201 1721 1368 1779 bonis
1408 1720 1555 1778 inter
1596 1721 1780 1778 bonos

220 1816 383 1890 quasi
429 1817 811 1874 necessariam
861 1816 1314 1892 benevolentiam
1342 1833 1505 1886 esse3
1548 1815 1648 1890 qui
1692 1825 1781 1873 est
1812 1824 1873 1872 15

220 1910 489 1968 amicitiae
518 1911 647 1968 fons
675 1930 709 1968 a
733 1910 939 1969 natura
979 1910 1339 1969 constitutus.
1422 1911 1542 1968 Sed
1577 1911 1780 1969 eadem

218 2007 450 2066 bonitas
487 2006 662 2064 etiam
711 2007 782 2064 ad
826 2006 1251 2067 multitudinem
1295 2006 1560 2083 pertinet.
1640 2006 1700 2065 N
1703 2025 1780 2066 on

217 2112 306 2160 est
330 2102 484 2160 enim
513 2102 826 2161 inhumana
854 2102 1048 2176 virtue,
1076 2121 1262 2179 neque
1283 2103 1567 2176 immanis,
1594 2122 1782 2181 neque

216 2200 498 2275 superba3
557 2217 685 2274 quae
735 2199 909 2260 etiam
960 2200 1205 2276 populos
1256 2200 1553 2258 universos
1605 2201 1778 2274 tueri,

218 2295 415 2371 eisque
442 2295 658 2372 optime
685 2296 1009 2369 consulere,
1036 2297 1260 2355 soleat:
1298 2298 1452 2373 quod
1478 2316 1599 2355 non
1627 2298 1781 2355 face·
1808 2305 1874 2354 20

219 2401 307 2448 ret
331 2391 612 2466 profect0‚
637 2393 687 2450 si
715 2411 749 2450 a
769 2393 1007 2450 caritate
1033 2392 1190 2470 vulgi
1220 2393 1566 2451 abhorreret.

298 2486 493 2561 Atque
520 2488 691 2546 etiam
719 2488 860 2546 mihi
889 2488 1121 2563 quidem
1149 2489 1433 2560 videntur,
1455 2489 1553 2563 qui
1574 2488 1784 2547 utilita-

223 2581 298 2639 tis
319 2583 494 2639 causa
514 2583 735 2659 fingunt
756 2584 1056 2656 amicitias,
1081 2584 1548 2642 amabilissimum
1567 2584 1785 2642 nodum

227 2676 492 2734 amicitiae
521 2678 736 2737 tollere.
818 2680 959 2738 Non
1000 2680 1157 2737 enim
1199 2689 1317 2737 tam
1363 2680 1579 2738 utilitas
1615 2687 1787 2754 ‘parta

224 2790 326 2848 per
356 2772 622 2843 amicum,
664 2792 836 2848 quam
880 2775 1056 2833 amici
1100 2794 1258 2833 amor
1305 2775 1447 2852 ipse,
1495 2775 1784 2833 delectat:
1815 2786 1881 2835 25

226 2878 459 2943 tumque
489 2867 632 2925 illud
658 2870 741 2941 fit,
770 2871 925 2946 quod
966 2872 1037 2930 ab
1076 2871 1267 2930 amico
1312 2882 1400 2929 est
1439 2871 1785 2948 profectum,

222 2963 563 3040 jucundum,
617 2964 666 3021 si
713 2983 847 3024 cum
898 2966 1089 3026 studio
1137 2976 1224 3025 est
1268 2967 1626 3042 profectum:
1667 2978 1791 3027 tan-

229 3069 463 3136 tumque
510 3060 691 3134 abest,
737 3071 803 3120 ut
840 3063 1112 3122 amicitiai
1153 3072 1384 3140 psopter
1411 3063 1791 3143 indigentiam
