2192 3550
571 332 842 390 LAELmS,
875 332 1022 379 sm:
1061 330 1149 376 nn
1186 328 1497 377 Anici-ru.
1840 314 1921 374 63

266 479 590 553 tentiarum,
639 499 862 539 summa
905 478 1228 537 consensi0.
1309 478 1510 554 Itaque
1553 493 1672 534 non
1706 484 1825 532 tam

264 577 375 634 ista
403 596 496 635 me
527 577 840 653 sapientiae,
877 594 1047 650 quam
1078 575 1250 632 modo
1282 574 1540 632 Fannius
1576 589 1825 630 comme-

261 674 519 745 moravit,
569 674 720 731 fama
770 672 1038 741 delectat,
1087 670 1232 728 falsa
1273 669 1605 746 praesertim,
1652 686 1821 744 quam

257 769 418 844 quod·
445 769 710 827 amicitiae
742 778 950 825 nostrae
977 767 1311 824 memoriam
1339 783 1518 841 spero*
1531 754 1822 841 sempiter-

257 883 392 922 nam
429 866 566 923 fore.
646 864 828 939 quue
855 863 996 920 mihi
1022 881 1094 920 eo
1123 862 1305 938 magis
1331 871 1419 918 est
1444 861 1625 933 cordi,
1648 861 1818 936 quod,
1850 874 1883 924 5

257 979 328 1017 ex
367 961 633 1018 omnibus
673 960 916 1031 saeculi8‚
944 958 1038 1015 vix
1074 958 1187 1016 tria
1228 966 1323 1014 aut
1361 966 1601 1033 quatuor
1641 957 1822 1014 nomi·

254 1067 465 1114 nantur
504 1056 666 1132 paria
704 1055 1051 1113 amicorum:
1092 1072 1207 1130 quo
1247 1053 1306 1110 in
1346 1071 1561 1129 genere
1594 1048 1819 1129 sperare

255 1151 468 1223 videor,
498 1151 789 1228 Scipionis
828 1161 886 1209 et
925 1150 1090 1209 Laelii
1117 1149 1440 1208 ⁴amicitiam
1470 1158 1667 1207 notam
1692 1167 1822 1224 pos-

253 1246 469 1305 teritati
495 1247 632 1305 fore.

330 1343 608 1402 Fannius.
689 1343 852 1402 Istud
874 1344 1125 1419 quidem,
1148 1342 1310 1415 Laeli,
1334 1343 1416 1403 ita
1440 1361 1679 1400 necesse
1700 1351 1815 1399 est:
1850 1359 1912 1408 10

253 1441 373 1512 sed,
408 1440 678 1515 quoniam
713 1441 981 1498 amicitiae
1012 1440 1364 1498 mentionem
1398 1438 1607 1510 fecisti,
1641 1449 1698 1495 et
1729 1457 1821 1496 su-

251 1554 379 1593 mus
417 1537 605 1608 otiosi,
639 1546 964 1613 pergratum
1007 1536 1150 1593 mihi
1190 1535 1415 1605 feceris,
1449 1533 1641 1609 (spero
1680 1534 1819 1590 item

249 1633 554 1712 Scaevolae)
610 1633 677 1703 si,
733 1632 1211 1708 quemadmodum
1264 1630 1414 1686 soles
1467 1629 1541 1685 de
1595 1628 1819 1686 caeteris

250 1728 442 1799 rebus,
493 1746 624 1785 cum
674 1746 746 1784 ex
798 1736 855 1784 te
900 1735 1247 1801 quaeruntur,
1296 1724 1383 1781 sic
1436 1722 1508 1780 de
1565 1722 1821 1781 amicitia

253 1822 579 1897 disputaris,
621 1823 757 1897 quid
804 1822 1037 1893 sentias,
1079 1821 1305 1895 qualem
1345 1819 1654 1891 existimes,
1694 1838 1819 1895 quae
1852 1835 1913 1885 15

250 1927 538 1993 praecepta
562 1917 681 1975 des.

330 2014 599 2072 Scaevola.
681 2012 832 2070 Mihi
880 2026 1014 2070 vero
1058 1959 1388 2089 pergratum
1433 2012 1579 2070 erit:
1632 2022 1818 2089 atque,

251 2111 499 2187 idipsum
559 2129 692 2168 cum
752 2120 946 2168 tecum
1008 2128 1179 2188 agere
1240 2125 1498 2181 conarer,
1560 2108 1820 2168 Fannius

252 2208 588 2265 antevertit:
629 2207 997 2284 quamobrem
1033 2207 1264 2284 utrique
1299 2205 1557 2264 nostrfim
1592 2217 1819 2284 gratum

252 2305 557 2363 admodum
585 2304 810 2361 feceris.
1848 2321 1912 2372 20

329 2496 402 2553 V.
485 2497 717 2553 Loelins.
800 2495 930 2572 Ego
964 2513 1100 2552 vero
1134 2514 1250 2551 non
1286 2513 1568 2570 gravarer,
1598 2493 1647 2551 si
1678 2491 1820 2550 mihi

254 2591 375 2666 ipse
416 2590 797 2648 confiderem:
848 2609 981 2647 nam
1030 2600 1088 2646 et
1132 2590 1410 2664 praeclara
1458 2607 1550 2645 res
1595 2597 1682 2645 est
1698 2608 1713 2657 ;
1764 2596 1822 2644 et

255 2703 451 2742 sumus
486 2681 577 2757 (ut
616 2685 758 2742 dixit
798 2685 1084 2764 Fannius)
1116 2684 1303 2741 otiosi.
1386 2684 1503 2740 Sed
1543 2683 1671 2758 quis
1710 2699 1821 2759 ego

253 2780 425 2838 sum?
477 2789 572 2835 aut
613 2798 736 2853 quae
777 2781 837 2837 in
878 2799 969 2837 me
1009 2790 1096 2837 est
1137 2779 1422 2837 facultas?
1502 2778 1821 2836 Doctorum

255 2884 343 2932 est
383 2874 493 2931 ista
531 2876 906 2947 consuetudo,
936 2894 1116 2950 eaque
1155 2876 1510 2953 Graecorum,
1539 2883 1603 2931 ut
1630 2873 1700 2930 iis
1723 2891 1824 2949 po-
1850 2889 1916 2940 25

255 2980 442 3041 natur,
485 2970 558 3026 de
596 2987 709 3044 quo
748 2970 1036 3046 disputent
1074 2971 1332 3047 quamvis
1369 2969 1575 3027 subito.
1656 2967 1821 3046 Mag·-

257 3084 395 3126 num
430 3085 575 3144 opus
609 3074 732 3138 est3
775 3076 1017 3143 egetque
1047 3066 1460 3126 exercitatione
1487 3085 1601 3127 non
1628 3065 1824 3143 parva.
