2192 3550
319 286 402 347 84
721 304 992 362 mnus,
1033 304 1181 351 snm
1222 303 1309 351 nn
1349 305 1662 353 menn.

416 450 668 509 amicitia
713 451 873 522 fines,
920 460 980 508 et
1025 452 1189 526 quasi
1234 453 1483 524 termini,
1532 452 1842 529 diligendi:
1900 453 1982 511 de

410 548 615 624 quibus
635 555 749 604 tres
769 546 936 604 video
956 549 1269 607 sententias
1290 550 1423 607 ferri
1443 570 1457 620 ;
1498 568 1736 625 quarum
1755 549 1979 609 nullam

405 643 625 719 probo:
669 661 860 714 unam,
891 653 954 701 ut
993 645 1198 703 eodem
1241 647 1412 705 modo
1445 666 1583 724 erga
1618 647 1867 704 amicum
1895 647 1979 704 af-

407 738 544 795 fecti
584 739 780 810 simus,
809 758 923 814 quo
964 760 1104 818 erga
1141 753 1366 800 nosmet
1395 742 1582 818 ipsos;
1627 743 1878 814 alteram,
1908 752 1978 800 ut

342 836 377 884 5
405 844 602 892 nostra
639 836 699 892 in
741 835 957 893 amicos
999 839 1400 897 benevolentia
1438 840 1664 897 illorum
1700 858 1839 916 erga
1863 857 1976 897 nos

375 931 816 989 *benevolentiae
867 935 1078 1008 pariter
1132 936 1535 1012 aequaliterque
1593 936 1973 1010 respondeat3

403 1029 645 1099 tertiam,
676 1038 758 1100 ut,
787 1030 986 1105 quanti
1011 1032 1250 1107 quisque
1276 1051 1338 1089 se
1366 1033 1486 1107 ipse
1515 1032 1674 1103 facit,
1697 1031 1841 1089 tanti
1869 1031 1976 1090 fiat

406 1126 477 1182 ab
505 1124 722 1181 amicis.

480 1220 704 1277 Harum
731 1222 901 1279 trium
931 1223 1341 1279 sententiarum
1364 1223 1509 1280 nulli
1527 1242 1756 1297 prorsus
1779 1242 1976 1281 assen-

310 1314 372 1364 10
399 1315 524 1372 tior.
606 1315 738 1373 Nec
776 1318 929 1373 enim
959 1316 1057 1373 illa
1081 1317 1267 1391 prima
1292 1336 1426 1374 vera
1451 1327 1556 1388 est,
1587 1327 1667 1388 ut,
1698 1318 1975 1390 quemad-

398 1412 632 1468 modum
655 1412 714 1469 in
736 1431 798 1468 se
819 1413 1076 1487 quisque,
1097 1413 1182 1468 sic
1205 1412 1263 1468 in
1291 1413 1538 1470 amicum
1566 1413 1640 1469 sit
1664 1412 1969 1473 animatus,

395 1507 595 1568 Quam
636 1509 817 1566 multa
855 1509 1030 1579 enim,
1060 1527 1185 1582 quae
1226 1510 1422 1566 nostra
1461 1509 1638 1566 causa
1673 1527 1968 1584 nunquam

398 1604 733 1676 faceremuS‚
765 1605 1008 1663 facimus
1036 1606 1213 1663 causa
1243 1605 1598 1662 amicorum?
1639 1606 1862 1681 precari
1894 1606 1968 1663 ab

398 1700 655 1779 indignO,
698 1702 1053 1778 supplicare3
1112 1712 1234 1759 tum
1291 1701 1553 1759 acerbius
1603 1702 1662 1759 in
1718 1703 1965 1778 aliquem

304 1795 366 1843 15
397 1798 607 1871 invehi,
637 1799 1020 1875 insectarique
1049 1800 1475 1857 vehementius:
1517 1819 1642 1875 quae
1670 1800 1729 1857 in
1756 1798 1962 1857 nostris

395 1896 566 1952 rebus
587 1916 703 1953 non
726 1897 863 1954 satis
883 1896 1141 1967 honeste,
1166 1897 1225 1953 in
1255 1897 1568 1954 amicorum
1591 1897 1734 1954 fiunt
1762 1897 1965 1953 hones-

393 1992 627 2049 tissime.
710 1991 912 2049 Multae
952 2010 1178 2066 quoque
1219 2011 1310 2049 res
1349 2003 1501 2064 sunt,
1545 1994 1602 2052 in
1645 1993 1849 2066 quibus
1889 1991 1962 2047 de

394 2089 513 2145 suis
540 2088 859 2145 commodis
885 2087 992 2143 viri
1032 2088 1170 2145 boni
1211 2088 1391 2145 multa
1426 2088 1748 2157 detrahunt,
1779 2087 1962 2144 detra-

394 2185 565 2259 hique
602 2183 915 2259 patiuntur,
953 2193 1017 2239 ut
1058 2183 1129 2239 iis
1171 2184 1342 2241 amici
1379 2185 1590 2259 potiuS,
1620 2200 1787 2256 quam
1830 2181 1956 2255 ipsi,

297 2280 362 2329 2⁰
394 2281 669 2338 fruantur.

471 2378 672 2434 Altera
726 2376 1012 2435 sententia
1061 2388 1168 2450 est,
1227 2397 1350 2453 quae
1405 2374 1602 2433 definit
1644 2372 1953 2431 amicitiam

388 2475 621 2550 paribus
673 2473 877 2532 officiis
933 2493 1001 2531 ac
1048 2473 1451 2531 voluntatibus.
1535 2469 1671 2528 Hoc
1723 2471 1953 2547 quidem

390 2580 476 2628 est
515 2571 686 2627 nimis
727 2571 933 2648 exigue
976 2581 1033 2627 et
1073 2571 1294 2628 exiliter
1336 2568 1407 2625 ad
1448 2567 1706 2624 calculos
1746 2585 1952 2625 vocare

391 2668 722 2739 amicitiam,
751 2678 816 2724 ut
853 2687 955 2744 par
996 2668 1070 2725 sit
1112 2666 1257 2724 ratio
1299 2673 1669 2740 acceptorum
1707 2675 1765 2721 et
1797 2666 1952 2722 dato-

291 2761 356 2811 25
387 2785 530 2823 rum.
624 2764 815 2821 Ditior
875 2765 1015 2821 mihi
1069 2773 1128 2820 et
1182 2761 1500 2819 affluentior
1552 2762 1776 2819 videtur
1829 2780 1950 2818 esse

385 2882 520 2919 vera
561 2862 849 2931 amicitia3
892 2880 1002 2918 nec
1042 2861 1344 2917 observare
1385 2859 1668 2929 restricte,
1711 2877 1786 2915 ne
1824 2857 1949 2931 plus

386 2960 604 3031 reddat,
632 2979 798 3035 quam
834 2955 1138 3031 acceperit.
1222 2955 1429 3031 Neque
1458 2956 1610 3013 enim
1640 2953 1946 3012 verendum

384 3067 489 3128 est,
519 3076 592 3114 ne
632 3055 769 3132 quid
808 3053 1055 3123 excidat,
1087 3061 1184 3109 aut
1224 3071 1300 3109 ne
1327 3054 1464 3130 quid
1506 3054 1565 3110 in
1606 3063 1814 3108 terram
1855 3048 1950 3105 de-
